4667 5442
633 489 720 600 'Dr
756 462 901 601 Vrrr'r
935 498 1201 619 Jorrnunrs
1243 498 1531 597 Brerrsrm
1624 565 1627 572 -
1679 516 1785 629 407

433 670 563 746 virtue
581 668 657 748 alu
681 676 783 747 verrit.
797 678 885 748 Luc.
903 696 935 750 1:
953 694 1009 767 17.
1035 647 1178 748 Elia-'in
1194 670 1356 755 dotibus,
1380 672 1516 755 officio,
1539 665 1783 753 visceratione,

436 764 662 843 simillimus:
689 769 901 869 ideoque&
919 775 1038 846 Erras
1060 793 1287 871 nuncupatus.
1305 767 1391 843 Mal.
1409 792 1474 843 rv:
1496 788 1535 857 5,
1559 772 1594 842 6.
1630 769 1786 865 Ecce'ego

434 862 583 958 nisurus
609 864 681 955 sm
714 865 804 943 vobri
830 869 938 943 filiam
971 868 1163 965 Propheram
1184 886 1395 963 ,consequare
1423 868 1533 942 veniat
1561 867 1626 937 dies
1648 863 1785 956 jehova

437 964 600 1038 marim
618 988 656 1037 ac
672 969 873 1041 reverendae.
924 967 1033 1054 Quod
1050 965 1094 1037 de
1113 964 1171 1037 die
1190 964 1357 1037 adventus
1377 962 1506 1037 Messiae
1519 959 1786 1059 intelligendum

436 1051 524 1141 else,
549 1056 689 1157 vix.ips1
707 1064 903 1159 negaverint
924 1062 1051 1163 Judaei.
1072 1066 1160 1136 Mat.
1179 1084 1296 1136 xvn:
1324 1084 1381 1136 ιο.
1434 1061 1486 1137 Ut
1508 1081 1624 1132 autem
1646 1054 1689 1127 de‘
1708 1057 1785 1133 Elia

436 1150 582 1232 stelin
602 1155 688 1239 illo,
715 1160 778 1254 qui
798 1157 933 1232 turbine
952 1160 988 1231 in
1010 1157 1137 1234 culum
1155 1179 1273 1256 raptus
1289 1155 1354 1240 est,
1382 1158 1663 1253 interpretemur,
1688 1152 1784 1226 nulla

436 1251 539 1344 jubet
554 1254 656 1328 ratio.
708 1260 803 1331 Nam
826 1257 877 1326 uti
897 1256 933 1327 in
953 1256 1048 1328 omni
1068 1250 1245 1336 sermone,
1271 1256 1320 1326 ita
1340 1257 1376 1326 &
1400 1256 1435 1326 in
1456 1259 1560 1325 Sacro
1581 1298 1592 1333 ,
1619 1250 1662 1323 sae
1689 1244 1784 1321 eusu

438 1351 557 1433 venit,
579 1370 620 1421 ut
640 1350 703 1456 qui
723 1351 821 1424 alteri
841 1351 943 1425 alicui
966 1350 1086 1424 multis
1104 1354 1139 1424 in
1153 1351 1256 1425 rebus
1274 1346 1393 1423 similis
1413 1348 1479 1433 est,
1507 1351 1581 1444 ejus
1593 1349 1650 1422 cui
1662 1272 1784 1422 innius
1923 1347 1926 1351 ⁴

439 1442 491 1520 est
511 1447 656 1521 nomine
674 1440 879 1547 defignetur.
928 1454 1067 1520 Notum
1084 1448 1131 1521 est
1154 1446 1284 1543 Virgilii
1304 1445 1412 1529 istud,

573 1601 580 1612 .
621 1547 679 1634 ,At
699 1567 739 1616 ue
758 1547 876 1619 iterum
891 1550 932 1618 ad
955 1544 1085 1639 Troiam
1103 1567 1232 1639 magnus
1250 1546 1396 1634 mittetur
1415 1541 1568 1617 Achilles.

441 1641 528 1711 Eam
541 1636 589 1711 ob
600 1664 661 1715 cau
688 1664 765 1722 am,
791 1661 832 1712 ut
841 1639 907 1714 alia
925 1664 1014 1714 nunc
1029 1642 1187 1737 exempla
1196 1642 1454 1739 praetermittam
1466 1685 1479 1722 ,
1505 1634 1789 1737 JeluaJezabei
1843 1713 1847 1721 ,

441 1734 478 1810 le
505 1738 613 1810 Zinrri
641 1760 796 1811 vocatur.
831 1764 865 1811 2.
887 1742 978 1836 Reg.
1018 1761 1080 1811 rx:
1117 1758 1174 1829 31.
1222 1742 1350 1833 Neque
1378 1735 1423 1809 est
1456 1734 1554 1832 quod
1588 1734 1788 1810 dubitemus

441 1829 492 1904 ob
515 1832 658 1906 eandem
676 1829 814 1930 prorsus
834 1837 1002 1907 rationem
1016 1834 1094 1907 Elio
1110 1835 1251 1906 nomine
1268 1829 1478 1933 designatum
1498 1856 1517 1903 a
1541 1830 1788 1925 MalachiaJo·

438 1929 572 2004 bomem
592 1928 744 2003 nostrum
762 1925 837 2005 else.
887 1937 982 2004 Nam
1001 1933 1039 2003 ὅ(
1051 1931 1245 2004 certilsrmm
1257 1929 1545 2028 interpretationis
1560 1927 1654 2001 istius
1670 1934 1789 2002 audo-

439 2050 515 2100 rem
538 2024 704 2100 habemus
715 2028 911 2101 Dominum
932 2032 1094 2102 Matxr:
1112 2049 1168 2117 14.
1196 2050 1378 2102 xv11212.
1400 2026 1564 2098 &omnia
1573 2020 1789 2098 consentiunt

441 2122 658 2199 exanilsrme.
709 2122 802 2196 Elias
814 2126 1070 2223 corruptissimis
1081 2123 1296 2221 temporibus
1316 2121 1577 2221 nullopericulo
1589 2119 1785 2195 absterritus
1901 2209 1908 2218 ι

442 2216 515 2303 eli,
543 2244 617 2318 quo
634 2223 749 2294 minus
765 2222 987 2320 regitotique
1012 2222 1148 2320 populo
1166 2243 1301 2318 peccata
1314 2217 1466 2320 ipsorum
1479 2216 1526 2288 ob
1548 2216 1789 2315 oculospone·

442 2339 509 2391 ret.
545 2317 643 2391 ldem
661 2314 826 2415 spiritus,
855 2319 976 2391 eadem
995 2320 1048 2392 vis
1069 2321 1206 2404 animi,
1233 2315 1412 2418 sanctaque
1439 2312 1610 2409 regola,
1632 2313 1791 2391 luculen-

442 2413 567 2489 tissime
590 2417 626 2488 in
648 2412 806 2512 Johanne
830 2416 982 2487 emicuit.

541 2514 693 2585 XLVII.
719 2515 776 2583 De
791 2510 867 2585 Elia
885 2510 1076 2588 Malachiae
1098 2516 1300 2589 vaticinatus
1318 2510 1365 2589 est
1386 2562 1397 2599 ,
1425 2514 1643 2606 convolarun
1662 2504 1721 2603 effe
1738 2528 1933 2602 corxpvnst
1963 2537 1973 2559 Ἰ

444 2616 586 2685 Parrum
604 2613 646 2681 ad
656 2603 766 2695 filios,
789 2611 834 2683 (θ’
852 2633 907 2683 cor
915 2603 1058 2698 filiorum
1070 2616 1112 2684 ad
1122 2620 1248 2687 Patres.
1274 2617 1329 2686 De
1348 2611 1506 2713 Johanne
1527 2612 1645 2685 eadem
1666 2609 1874 2705 praedi-Nam
1894 2612 1930 2673 o·

445 2707 503 2780 xit
519 2704 673 2779 Gabriel.
690 2709 777 2781 Luc.
798 2729 839 2782 1:
863 2728 920 2791 17.
955 2711 1001 2780 Et
1019 2705 1195 2806 respondit
1219 2729 1373 2783 eventus.
1426 2718 1478 2785 lta
1508 2712 1601 2783 enim
1623 2695 1971 2806 Johannis‘ul'rm

444 2802 662 2899 temporibus
683 2824 886 2915 comparatae
903 2829 957 2877 res
979 2829 1072 2879 erant
1085 2809 1120 2879 in
1138 2805 1273 2904 populo
1294 2802 1499 2890 lstailitico,
1526 2828 1566 2879 ut
1582 2767 1972 2921 ἀὶίΐιᾶἰίεάῐ-Ξφξξᾩη

442 2896 671 2973 straberentur
683 2923 812 2973 omma.
864 2901 978 3001 Judaei
997 2904 1033 2978 in
1054 2907 1122 2977 tres
1141 2905 1348 3002 praecipuas,
1377 2902 1560 3003 pluresque
1573 2904 1725 2976 minores
1741 2897 1837 2983 send
1855 2922 1953 2979 Patres

446 3001 544 3077 etas,
572 2996 794 3108 opinionibus
825 2998 1019 3095 ritibusque
1048 2996 1305 3096 discrepantes,
1335 2998 1432 3076 divisr
1454 3021 1561 3076 erant.
1613 2996 1941 3073 sadducaeiconorrit·

445 3095 486 3169 &
503 3091 659 3170 Pharrsaei
677 3095 811 3169 acribus
831 3097 919 3169 inter
936 3092 969 3168 se
991 3095 1084 3169 odiis
1099 3096 1327 3196 agitabantur.
1377 3102 1485 3198 Legis
1535 3120 1654 3193 uoque
1683 3101 1795 3166 lnter-

445 3190 602 3289 pretibus
621 3192 709 3263 inter
721 3186 815 3287 ipsos
832 3215 901 3264 non
919 3194 1155 3266 conveniebat.
1207 3191 1352 3265 Diffldia
1363 3191 1423 3266 ista
1441 3217 1485 3267 ex
1497 3191 1528 3267 sc
1553 3193 1670 3266 olis&
1686 3194 1798 3285 Syna-

446 3289 572 3387 gogis,
599 3308 639 3359 ut
660 3282 731 3360 fieri
751 3308 870 3369 amat,
898 3286 1080 3361 transibant
1105 3290 1141 3360 in
1170 3285 1330 3360 familias.
1382 3292 1476 3362 Hinc
1493 3290 1602 3369 rixae,
1630 3287 1718 3358 inter
1733 3307 1798 3381 pa·

446 3408 561 3461 rentes
574 3406 718 3481 quoque
735 3385 772 3454 &
789 3381 940 3465 liberos,
968 3382 1054 3454 dum
1074 3382 1116 3464 hi¹
1132 3381 1222 3456 hunt
1233 3430 1244 3465 ,
1268 3384 1326 3456 alii
1340 3383 1446 3459 alium
1466 3390 1655 3457 Dodorem
1674 3379 1800 3478 praefe-

447 3506 513 3557 run
531 3529 556 3554 .-
569 3480 702 3554 Confer
719 3482 865 3555 Marx:
887 3497 946 3573 35.
999 3481 1110 3570 Cujus
1126 3484 1197 3564 rei,
1219 3483 1352 3555 utinam
1374 3485 1411 3555 &
1438 3480 1560 3556 nostris
1581 3502 1652 3554 tem
1679 3475 1800 3551 oribus

450 3502 555 3655 nulb
571 3574 739 3652 exstarent
753 3578 910 3677 exempla
923 3576 932 3650 l
958 3580 1010 3650 Eo
1023 3598 1140 3654 autern
1158 3573 1361 3653 inserviebat
1376 3577 1545 3681 Johannis
1558 3503 1800 3658 miniderium,

452 3696 496 3747 ut
511 3677 646 3748 animos
669 3674 866 3748 auditorum
880 3671 1052 3750 suoruma
1070 3672 1297 3751 totstdarum
1310 3674 1528 3760 auctoribus,
1554 3672 1696 3748 humani
1710 3670 1803 3744 duna

455 3794 554 3846 taxat
564 3773 719 3845 nominis
737 3774 958 3856 auctoritate,
986 3769 1049 3847 sub
1063 3777 1226 3849 ementita
1242 3779 1408 3849 Veterum
1426 3768 1598 3874 ipsrusque
1611 3764 1719 3848 Mofis
1731 3789 1802 3841 tra·

453 3870 617 3954 ditione,
645 3868 851 3968 plerumque
871 3872 1036 3967 munitis,
1064 3871 1299 3954 abstraheret,
1325 3871 1538 3970 &allegaret
1559 3870 1603 3941 ad
1621 3892 1730 3941 unum
1743 3861 1801 3938 su·

452 3990 613 4065 premum
631 3966 775 4044 ccelesiis
792 3970 944 4041 veritatis
964 3974 1176 4053 Doctorem,
1198 3965 1337 4070 Jesum,
1358 3990 1462 4068 atque
1475 3969 1523 4041 ita
1543 3964 1803 4039 dilsrdentesrc·

457 4085 704 4162 componeret,
731 4061 894 4164 ipsosque
917 4062 1076 4140 inuuere,
1101 4067 1259 4141 Hebraeis
1275 4081 1429 4150 :inin
1452 4064 1623 4146 rebelles,
1651 4058 1712 4133 nisr
1727 4085 1803 4134 ma·

452 4160 500 4237 lis
515 4163 779 4261 immorigeros,
806 4167 886 4236 Deo
905 4187 967 4236 nec
987 4165 1186 4248 audientes,
1212 4166 1312 4265 quod
1330 4163 1487 4239 sulione
1504 4182 1629 4264 urget,
1654 4158 1702 4249 ad
1722 4158 1802 4232 uni·

453 4278 563 4332 tatem
585 4259 776 4358 redigeret,
803 4265 831 4327 ἰν
850 4256 976 4354 operires
991 4259 1120 4328 dulor.

553 4359 720 4432 XLVlll.
747 4353 982 4447 Quaesrtiffima
1022 4354 1168 4433 locutio.
1210 4359 1349 4433 Etenim
1374 4353 1502 4453 epirum
1521 4376 1596 4446 nm
1609 4337 1965 4478 smmfmgfflu

452 4453 612 4553 aliquam
626 4460 761 4545 nent,
788 4455 978 4538 omnent·
992 4450 1119 4550 adfriirr
1138 4448 1381 4592 conjunllam,
1408 4481 1516 4559 quam
1524 4457 1740 4559 prudentiam,
1758 4442 1921 4625 gem,
