4667 5442
565 483 670 590 404
833 462 1550 556 Exercent-ntro
1618 411 1833 554 llll..

565 631 666 704 Adde
689 630 879 718 Clementem
897 629 1151 705 Alexandrinum
1171 634 1297 725 Paedag.
1321 628 1378 707 lib.
1399 654 1457 706 ιι.
1479 646 1547 727 cap.
1571 648 1602 704 1.
1622 644 1697 724 pag.
1720 627 1802 714 148.
1837 624 1926 692 mcd-

565 732 651 797 w&
670 729 723 813 μὶν
743 720 777 796 ἕν
796 725 998 801 saniem&
1020 719 1193 818 σπιρμᾶτυν
1212 723 1261 811 nei
1273 725 1430 821 *inpeditior
1455 719 1656 833 nginnaecincn
1672 717 1737 789 dito
1760 722 1850 829 effe
1869 745 1925 827 teg*-

565 811 763 897 τιλᾶμζανιν.
786 809 911 887 'Indntnc
931 814 962 880 si
981 810 1155 901 ὑπερτείνας
1171 809 1224 881 nint
1242 809 1435 903 innodentur,
1460 813 1577 905 cupida<
1593 836 1642 894 nti
1664 810 1745 893 pn'nt'.
1760 814 1859 876 ιθιιν
1887 831 1924 867 ιι·

568 925 658 991 neni.
709 903 881 974 Mattheus
897 903 1004 998 itaque
1021 896 1186 993 Apostctm
1199 897 1382 990 seminibus,
1393 899 1491 972 baccis
1509 901 1553 972 (φ
1571 892 1710 970 oleribus
1720 892 1790 984 fine
1811 892 1926 963 carni·

568 990 627 1079 bns
646 994 838 1083 vescebatur.
887 1000 1053 1091 johannes
1082 1013 1189 1069 antem
1213 999 1436 1072 continentiam
1461 997 1593 1071 ulterius
1614 994 1808 1073 extendens,
1837 987 1926 1062 lotn-

536 1086 626 1169 «slas
648 1096 689 1164 (t
706 1093 770 1165 mel
787 1091 905 1187 agreste
922 1088 1109 1167 comedebat.
1227 1126 1245 1157 ·,
1589 1175 1598 1186 „

392 1191 559 1257 meere·
666 1193 781 1261 XLII.
833 1193 973 1261 Interim
992 1185 1154 1262 credibile
1175 1188 1309 1263 nonest
1328 1188 1472 1265 hoccibi
1493 1211 1602 1289 genus
1614 1208 1686 1260 tam
1706 1176 1744 1254 su
1770 1177 1927 1253 etstitio·

393 1270 536 1327 dibitenon
568 1277 816 1383 seJohannem
844 1280 1061 1368 affedavillc,
1089 1305 1129 1356 ut
1148 1284 1192 1356 ab
1217 1289 1315 1360 omni
1328 1282 1552 1381 alio'semper
1580 1207 1825 1355 abstinentium
1862 1273 1925 1349 sibi

387 1345 632 1497 {sfy’ffisu'esse
662 1376 838 1457 censuerit.
890 1389 925 1454 Ο
952 1388 1029 1455 inor
1057 1379 1149 1454 enim
1171 1406 1281 1478 quum
1298 1384 1389 1478 apud
1415 1384 1528 1464 cives,
1555 1403 1614 1454 aut
1632 1400 1750 1476 regem
1772 1394 1922 1542 ρίβςιει,

392 1493 546 1631 Zabam
568 1498 628 1547 aut
647 1473 900 1579 Hierosolymis
923 1409 1002 1552 leste
1031 1476 1235 1561 celebraret,
1272 1503 1342 1552 non
1372 1480 1473 1550 anxie
1495 1474 1643 1549 locustas
1681 1497 1780 1569 requi
1798 1463 1922 1551 rvrsle,

393 1575 549 1665 'occtbtgc
568 1594 627 1643 aut
644 1569 795 1646 maluisse
814 1601 870 1647 eas
891 1570 1005 1649 secum
1024 1596 1181 1673 portare,
1208 1600 1314 1671 quam
1336 1573 1448 1647 obviis
1467 1573 1553 1646 cibis
1573 1565 1684 1645 vescit
1723 1589 1783 1640 aut
1807 1589 1922 1660 quum

392 1646 604 1800 issiaifcffim
625 1694 792 1742 carcerem
811 1673 853 1744 ab
876 1672 1017 1783 llerode
1037 1674 1233 1767 compactus
1253 1670 1335 1752 fuit,
1364 1669 1491 1744 famem
1518 1696 1555 1743 ac
1571 1668 1687 1741 tabem
1707 1690 1752 1738 ex
1771 1659 1924 1737 locusta-

340 1800 344 1809 ’
388 1767 549 1956 silim
567 1756 1926 1960 lclrls‘stldllsslllllin‘diffisistlaltfgl‘dllldlcli

511 2049 514 2055 Ι
550 1926 561 1947 ⁰
593 1914 853 2052 namnidans&
877 1956 1001 2044 &cisne
1020 1959 1119 2055 clypaeo
1142 1961 1285 2056 proprio
1309 1888 1478 2032 &gliridto
1500 1952 1686 2055 fignificatu
1709 1952 1922 2049 exponenda

499 2055 505 2066 ⁴
564 1983 651 2138 snt,
677 2054 765 2128 nihil
782 2077 895 2128 tamen
919 2053 1050 2129 obstare
1071 2083 1144 2154 quo
1164 2048 1921 2223 mmusilliintepretatumaddaturdmlia,

566 2153 769 2251 dicaturque
793 2154 828 2225 in
848 2150 974 2223 horum
990 2151 1147 2231 ciborum
1171 2148 1401 2252 designatione
1436 2153 1567 2249 peciem
1583 2164 1650 2248 p'ro
1672 2172 1800 2246 genere
1818 2171 1920 2243 poni,

564 2274 589 2334 n
613 2333 616 2341 s
732 2243 909 2323 dlocustis
929 2251 966 2321 δι
990 2247 1094 2323 melle
1107 2248 1244 2325 vescens
1267 2250 1361 2321 omni
1384 2250 1450 2321 alia
1461 2248 1548 2346 dape
1567 2242 1725 2416 reliffose
1747 2242 1924 2316 abstinue-

566 2348 634 2429 rit,
679 2344 722 2417 ed
743 2344 842 2443 quod
863 2345 949 2419 cibis
968 2345 1047 2419 usus
1069 2345 1107 2421 stt
1126 2343 1327 2422 tenuissimis
1369 2370 1432 2418 uos
1455 2344 1559 2417 dabat
1580 2345 1623 2415 de
1639 2365 1752 2416 ertum
1780 2341 1823 2412 dc
1851 2361 1920 2412 tra·

565 2447 638 2515 &us
657 2438 780 2541 asper,
815 2438 1013 2526 stnecura,
1040 2439 1107 2518 sme
1125 2443 1251 2544 pretio.
1301 2370 1405 2517 Nilnil
1428 2443 1518 2516 enim
1543 2440 1639 2513 aliud
1669 2462 1689 2509 a
1719 2438 1842 2549 pueris
1876 2434 1920 2508 ad

565 2563 716 2613 mortem
735 2537 886 2640 Johonni
904 2538 1092 2614 comestum
1128 2536 1222 2621 elie,
1250 2539 1406 2613 affirmari
1427 2537 1565 2635 potest:
1623 2534 1736 2609 robatr
1757 2558 1833 2605 non
1855 2558 1924 2631 po·

565 2634 641 2708 test.
693 2635 878 2709 Danielem
898 2661 917 2707 a
936 2635 1094 2732 praesedo
1102 2664 1167 2737 pro
1190 2636 1275 2709 cibis
1284 2638 1387 2734 regiis
1402 2628 1589 2733 poposcille
1597 2563 1753 2731 legimus
1766 2646 1933 2719 Ξινπ»

439 2773 441 2775 ’
565 2729 818 2819 colmam,
840 2733 1024 2823 mltum,
1049 2733 1243 2833 legumina,
1270 2729 1318 2803 iis
1337 2758 1379 2803 ue
1392 2757 1469 2806 cum
1480 2730 1579 2806 sociis
1589 2722 1764 2802 victitasse.
1818 2726 1924 2801 Ideo·

565 2847 610 2905 ne
638 2825 875 2909 statuendum,
902 2824 989 2900 nihil
1007 2824 1085 2926 ipsis
1102 2851 1268 2926 praeterea
1285 2758 1347 2900 elie
1369 2825 1589 2903 comestum?
1626 2851 1668 2899 ne
1687 2849 1818 2921 panem
1841 2824 1925 2923 quin

563 2920 673 3001 demi
699 2923 799 2998 Plura
814 2922 851 2995 id
869 2946 978 3022 genus
996 2925 1032 2995 in
1058 2928 1167 3005 Sacris
1189 2922 1311 2998 nostris
1334 2925 1492 3023 exempla
1512 2921 1600 2998 sunt.
1653 2928 1744 3013 Quae
1769 2945 1857 3093 effe
1878 2918 1921 2991 dc

562 3017 762 3094 locustis&
780 3018 883 3093 melle
905 3015 1041 3094 silvestri
1057 3045 1258 3104 narrantur,
1281 3023 1422 3095 nonita
1448 3025 1548 3094 anxie
1576 3019 1740 3107 sumenda
1772 3043 1791 3091 e
1820 3046 1840 3092 e
1868 3018 1924 3090 vi·

564 3114 711 3201 dentur,
765 3112 833 3189 uasr
847 3115 903 3190 his
922 3114 1090 3192 duntaxat
1106 3119 1190 3193 cibis
1209 3113 1329 3192 totale
1349 3120 1421 3191 vita
1443 3118 1657 3192 obstrinxerit
1674 3117 1737 3189 Vir
1753 3120 1920 3191 Smuusz

562 3210 624 3287 sed
668 3213 741 3288 uod
780 3214 811 3287 is
832 3212 1002 3288 ordinarie
1019 3218 1070 3289 uti
1086 3212 1319 3300 consueverit,
1348 3214 1405 3287 vel
1425 3215 1501 3288 aliis
1521 3215 1560 3286 id
1583 3238 1709 3311 genus,
1737 3212 1916 3294 tenuibus,

564 3240 775 3401 nonlautis,
803 3309 1025 3392 domesticis,
1052 3339 1123 3386 non
1143 3314 1300 3389 exoticis.
1351 3317 1479 3411 Neque
1497 3312 1635 3409 pressius
1656 3334 1764 3407 quam
1785 3337 1851 3410 par
1872 3306 1916 3382 est

566 3408 680 3505 urgeri
700 3407 805 3480 debet
825 3404 953 3480 Christi
975 3406 1103 3484 clidium
1123 3415 1211 3486 Luc.
1234 3434 1327 3485 vr1:
1353 3432 1409 3503 33.
1463 3412 1562 3487 Venit
1582 3408 1750 3500 Johnnes
1775 3403 1919 3508 Baptilin

563 3527 666 3601 neque
693 3509 786 3577 edens
813 3522 948 3602 pcnetn,
972 3529 1069 3601 neque
1088 3503 1196 3581 bibens
1226 3510 1346 3580 vinum.
1394 3514 1531 3581 Notum
1552 3508 1667 3588 enim,
1694 3530 1826 3603 panem
1852 3528 1918 3605 pro

564 3600 644 3678 cibo
669 3599 827 3674 Hebraeis
843 3596 1006 3700 consueto
1022 3597 1121 3675 sumi.
1174 3609 1271 3676 Dum
1289 3605 1407 3701 itaque
1426 3600 1620 3701 Johannem
1645 3626 1774 3697 panem
1799 3625 1917 3681 come·

563 3690 648 3769 dille
671 3717 792 3794 negat,
821 3719 923 3795 negat
941 3720 1021 3772 eum
1042 3694 1204 3774 consuetd
1224 3695 1343 3773 vixille
1370 3700 1506 3782 modo,
1534 3703 1586 3772 uti
1610 3698 1722 3775 solent
1757 3703 1824 3798 qui
1852 3698 1917 3773 lno-

566 3795 704 3867 minum
723 3794 939 3891 frequentant
957 3797 1181 3878 commercia,
1208 3800 1245 3869 &
1261 3793 1293 3867 se
1314 3799 1490 3895 patiuntur
1510 3800 1660 3872 invitari.
1712 3798 1749 3869 Si
1770 3795 1917 3871 enimli·

562 3911 635 3965 tera
654 3891 810 3964 vexando
830 3890 943 3973 soret,
971 3916 1014 3964 eo
1035 3891 1132 3989 quod
1155 3896 1242 3967 Mat.
1264 3918 1336 3967 x1:
1370 3903 1425 3971 18.
1451 3920 1505 3967 nec
1527 3892 1637 3985 adise,
1661 3920 1715 3969 nec
1731 3890 1845 3987 bibtffe
1865 3891 1918 3965 di·

562 4005 681 4069 tatur,
709 3987 925 4060 inserendum
956 3982 1054 4067 esset,
1082 3987 1276 4088 Jolnannem
1293 3991 1389 4062 omni
1410 3991 1487 4066 cibo
1506 3994 1649 4087 &potu
1681 3987 1823 4091 prorsus
1857 3988 1915 4064 ab·

563 4075 724 4178 llinuisse.
774 4081 896 4156 Sensus
916 4108 998 4180 ergo
1018 4079 1080 4173 lit,
1107 4110 1178 4159 non
1201 4111 1239 4159 ea
1271 4086 1410 4159 vivendi
1440 4091 1571 4161 ratione
1594 4086 1694 4162 usum
1714 4083 1810 4173 esse,
1847 4110 1915 4187 qua

558 4179 773 4260 honestiores
789 4176 945 4255 solebant
960 4180 1096 4282 Judaei,
1124 4185 1161 4255 dc
1180 4180 1321 4280 qualem
1344 4179 1404 4257 sibi
1423 4185 1613 4259 Sacerdotis
1634 4182 1725 4260 filius
1745 4187 1783 4259 in
1805 4185 1915 4260 domo

561 4302 723 4378 fraterna,
751 4276 973 4369 necabjetta,
1001 4276 1229 4362 necsordida‚
1257 4279 1428 4370 uindicate
1447 4305 1606 4380 poterat:
1631 4274 1783 4364 scdcibo
1798 4285 1837 4359 &
1851 4307 1916 4382 po-

561 4398 601 4471 tu
622 4374 731 4481 usque
754 4377 845 4478 adeo
864 4375 964 4483 tenui
979 4369 1100 4480 usum,
1126 4400 1166 4482 ut
1184 4377 1283 4456 nullo
1302 4380 1353 4458 uti
1377 4377 1562 4468 videretur.

1785 4499 1917 4579 XLlll.
