4667 5442
645 478 988 607 His-coitis¹
1048 482 1584 579 Hierosoiriia.
1700 483 1796 611 265

446 639 600 743 pharium
622 654 941 759 Protomartyrem3
968 652 1082 720 Asioi.
1097 670 1137 719 vi
1153 676 1167 719 :—
1188 668 1243 737 14.
1280 646 1425 722 Paulum
1445 651 1548 720 etiam
1577 646 1693 721 locum
1720 645 1797 723 saii-

447 748 540 815 ilum
556 745 740 841 gentilium
757 745 940 817 hominum
961 745 1212 817 introductione
1232 739 1418 842 profanasse
1445 745 1706 819 mentiebantur.
1717 750 1794 821 Aa.

446 862 519 914 xxi
541 866 550 911 ε
574 851 632 918 28.
661 843 822 938 quamvis
842 838 903 939 ipsi
922 844 1081 931 jamtum
1103 841 1249 913 domum
1270 844 1463 922 orationis,
1500 843 1534 912 in
1554 843 1723 937 speluncam
1749 843 1796 914 la·

444 954 573 1009 tronum
584 960 716 1010 vertere
734 935 920 1034 coepissent.
973 944 1150 1010 Caeterum
1171 941 1267 1011 omni
1289 939 1396 1010 modo
1411 938 1553 1035 spelunca
1575 938 1732 1012 latronum
1746 940 1796 1012 fa-

446 1035 499 1103 &a
519 1032 586 1115 est,
614 1035 757 1132 quando
778 1033 980 1107 Zelotarum
996 1035 1194 1132 principes,
1222 1038 1351 1107 mutuis
1374 1036 1523 1108 caedibus
1541 1033 1709 1117 furentes,
1738 1059 1794 1109 to·
1828 1105 1832 1114 ,

445 1124 519 1202 tam
539 1132 717 1228 replebant
736 1130 956 1204 cadaveribus
978 1132 1088 1203 aedem
1113 1161 1121 1203 :
1149 1127 1191 1203 sic
1211 1155 1248 1203 ut
1266 1127 1501 1203 &sacerdotes
1516 1127 1602 1203 sacra
1619 1133 1794 1205 celebrari·

444 1245 499 1299 tes
522 1229 710 1307 caderent,
739 1230 776 1298 &
795 1226 898 1299 multi
916 1231 977 1325 qui
1003 1230 1045 1299 ab
1072 1226 1207 1299 ultimis
1230 1223 1353 1300 finibus
1372 1250 1468 1300 tertae
1489 1228 1533 1298 ad
1557 1225 1793 1300 sandilbmum

441 1321 565 1399 locum
583 1318 746 1395 venissent
762 1370 773 1405 ,
802 1345 880 1395 ante
898 1320 986 1421 ipsas
1005 1321 1131 1396 hostias
1154 1322 1375 1397 sternerentur
1393 1350 1405 1410 ς
1431 1350 1620 1422 aramque,
1659 1328 1791 1399 Graecis

443 1422 486 1492 &
504 1420 660 1494 Barbaris
675 1419 907 1501 adorandam,
937 1417 997 1492 suo
1010 1416 1172 1517 sanguine
1191 1420 1382 1493 imbuerent
1398 1448 1410 1507 3
1435 1446 1564 1519 perque
1586 1419 1701 1493 altaria
1725 1423 1792 1494 Di-

441 1518 525 1589 vina
542 1517 696 1615 stagnum
717 1516 834 1589 fecerit
855 1511 1024 1589 caesotum
1048 1512 1196 1613 sanguis.
1247 1520 1358 1604 Cujus
1381 1516 1503 1590 furoris
1530 1517 1709 1592 meditatio
1727 1516 1789 1592 lias

441 1610 599 1714 Josepho
616 1614 877 1686 lamentationes
895 1612 1063 1712 expressit.
1092 1620 1148 1687 De
1168 1614 1246 1687 Bell.
1255 1615 1330 1704 Jue
1351 1614 1424 1687 Lib.
1439 1635 1497 1687 vi,
1512 1622 1589 1711 Cap.
1609 1640 1638 1689 i.
1689 1616 1791 1725 Qid

441 1728 570 1784 tamtum
580 1709 667 1806 passe
686 1737 739 1792 es,
761 1716 789 1783 0
811 1710 982 1798 miserrima
1001 1712 1137 1789 civitae,
1160 1736 1182 1780 a
1205 1715 1373 1791 Romanu,
1399 1713 1454 1809 qui
1481 1729 1538 1783 tua
1559 1710 1701 1794 inreslina
1724 1719 1803 1799 sce·'

441 1806 516 1881 iera
529 1808 666 1900 flammis
683 1811 854 1904 purgaturi
873 1809 1061 1881 introiere?
1084 1813 1171 1899 Jam
1188 1811 1270 1880 enim
1296 1811 1366 1882 Dei
1384 1808 1469 1881 locus
1494 1834 1555 1882 non
1575 1833 1666 1887 erar,
1693 1833 1792 1904 neque

440 1928 571 1979 manem
585 1925 743 2001 poterae,
771 1903 1001 1987 domesticorum
1016 1902 1167 1995 sunerum
1190 1901 1281 1995 stedia
1299 1903 1504 2000 sepulerum,
1530 1908 1574 1979 e‘r·
1598 1931 1662 2004 qua
1675 1904 1790 1998 fhninn'

441 2003 539 2076 civili
557 1999 806 2075 bedo'nmuton
831 2000 1043 2084 conflimeru.
1092 2008 1156 2074 111.
1182 2003 1353 2075 Primores
1369 2001 1491 2099 populi
1509 2048 1519 2082 ,
1539 2004 1789 2169 principesque

441 2094 657 2173 sacerdotum
687 2108 834 2179 discursu
851 2108 902 2177 riu
923 2109 1039 2194 ὄχλον,
1061 2119 1144 2171 moto
1164 2097 1303 2171 tumultu
1315 2103 1508 2172 concitarant
1514 2116 1538 2194 p
1552 2096 1658 2179 ehem,
1683 2123 1722 2172 ut
1732 2102 1790 2173 Pi-

439 2196 517 2271 lato
537 2242 548 2277 ,
576 2199 800 2293 quantumvis
828 2198 939 2268 invito
958 2242 969 2277 ,
996 2194 1217 2270 traditionem
1237 2191 1317 2293 Jesu
1336 2194 1380 2266 ad
1396 2220 1512 2268 necem
1532 2218 1788 2292 extorquerent.

439 2295 642 2366 Marciis:
670 2317 726 2367 ii.
777 2293 846 2365 Sed
863 2293 906 2364 ab
926 2318 968 2363 eo
991 2316 1156 2400 tempore·
1174 2295 1348 2390 perpetuis
1371 2288 1550 2366 discordiis
1570 2318 1607 2363 ac
1629 2294 1790 2365 tumulti·

441 2389 511 2461 bus
534 2390 660 2486 agitata
677 2392 779 2462 natio
791 2392 826 2461 in
848 2385 905 2462 sua
921 2386 1046 2462 viscera
1066 2386 1174 2461 saeviit
1195 2416 1204 2459 ε
1241 2410 1279 2459 ut
1308 2379 1469 2461 civilibus
1494 2390 1785 2472 contentionibus
1848 2479 1851 2485 Ι

439 2487 546 2559 variis
563 2487 599 2557 iii
618 2486 782 2567 urbibus,
810 2486 1055 2581 iherosolymir,
1081 2483 1242 2573 Casirreae,
1267 2485 1463 2581 styrtupdt,
1488 2485 1638 2582 Damasci
1650 2534 1660 2562 ,
1688 2481 1800 2584 supra.

438 2605 571 2658 centena
589 2587 776 2676 judeorum
795 2585 893 2655 millia
916 2584 1090 2679 perierint.
1141 2586 1204 2655 Ν.
1232 2586 1363 2654 Verum
1381 2579 1497 2656 salutis
1509 2587 1705 2664 cultorem,
1734 2602 1789 2656 tot

437 2676 477 2755 se
489 2677 696 2777 prodigiosis
716 2681 877 2777 operibus
900 2726 910 2761 ,
940 2682 1149 2777 Divinaeque
1170 2677 1334 2751 missionis
1363 2678 1550 2751 certissimis
1575 2682 1786 2777 argumentis

427 2780 749 2874 comprobantem,
777 2772 967 2874 adspernari
985 2773 1070 2849 sunt.
1120 2782 1167 2848 At
1179 2775 1254 2847 aliis
1270 2772 1519 2858 seductoribus,
1548 2779 1608 2872 qui
1626 2769 1659 2846 se
1670 2799 1788 2872 popu·

436 2873 468 2950 li
488 2873 685 2947 liberatores
707 2869 960 2969 servatoresque
994 2873 1066 2945 fore
1091 2896 1218 2945 temere
1242 2872 1516 2971 pollicebantur,
1545 2872 1698 2945 credulas
1723 2897 1786 2943 au-

437 2973 510 3046 reis
522 2972 720 3080 praebentes
740 3018 751 3052 ,
780 2970 930 3043 stultitiae
953 2967 1021 3044 suae
1040 2971 1229 3062 justissimas
1257 2969 1426 3043 dederunt
1446 2994 1575 3067 poenas.
1628 2973 1683 3038 De
1705 2970 1786 3065 qui·
1833 2999 1835 3004 >

433 3067 504 3142 bus
520 3091 643 3139 iterum
656 3091 924 3165 conquerentem
934 3068 1114 3141 audiamus
1134 3067 1320 3162 Joseplrum.
1350 3073 1386 3139 de
1409 3072 1486 3140 Bell.
1509 3068 1595 3158 Jul.
1618 3089 1674 3138 11.
1697 3089 1782 3138 xii.

437 3166 624 3239 Seduliores
641 3190 774 3263 namque
789 3170 926 3237 homines
947 3169 990 3237 el*
1007 3170 1291 3242 circumventores,
1310 3161 1370 3250 sub
1388 3165 1486 3255 specie
1506 3163 1666 3256 religionis
1694 3166 1785 3232 novis

437 3261 537 3337 rebus
545 3261 722 3348 studenter,
746 3262 860 3356 vulgru
877 3261 1010 3349 insanire
1024 3257 1180 3351 seceruut.
1229 3264 1367 3331 Namin
1381 3259 1567 3345 solitudines
1585 3254 1784 3350 egredieban-

434 3379 512 3438 tur,
535 3363 753 3455 promittentes
779 3365 889 3432 Deum
911 3355 994 3450 dgna
1014 3361 1056 3429 eir
1074 3354 1258 3442 adnisurum
1283 3354 1468 3425 libertatis
1500 3363 1617 3426 Contra
1633 3377 1707 3450 quos
1727 3356 1787 3425 Fe·

434 3456 489 3530 lix
513 3453 728 3544 (videbantur
751 3459 862 3551 quippe
876 3454 998 3543 semina
1017 3450 1190 3538 desedimus
1212 3447 1293 3541 esse)
1319 3456 1449 3523 mittens
1473 3453 1594 3547 equites
1620 3469 1715 3546 atque
1729 3468 1785 3545 pe·

434 3558 519 3629 dites
537 3574 698 3632 annates,
722 3575 862 3647 magnam
880 3550 1109 3624 multitudinem
1128 3545 1295 3638 interficit.
1343 3544 1474 3634 Masore
1497 3548 1787 3643 cntemplagaffu·

435 3654 517 3725 daos
534 3648 651 3746 afflixit
672 3655 841 3756 AEgyptiur
857 3653 984 3746 quidam
1001 3646 1276 3743 pseudopropheta.
1327 3647 1509 3718 Adveniens
1529 3647 1642 3741 quippe
1663 3649 1698 3717 in
1712 3663 1787 3739 pro·

436 3750 607 3827 vinciam,
632 3752 750 3842 Magus
771 3772 841 3819 curn
858 3744 957 3838 esset,
982 3746 1144 3840 Propheta
1160 3745 1335 3909 opinionem
1355 3738 1419 3832 fibi·
1439 3765 1613 3835 arrogans,
1651 3744 1787 3835 triginta

430 3840 539 3939 senne
556 3845 654 3916 millia
675 3845 837 3918 hominum
861 3848 1062 3937 congregavit
1081 3896 1091 3922 ,
1114 3865 1175 3938 quo
1213 3865 1299 3911 vana
1313 3837 1498 3927 ,sedudlione
1519 3843 1691 3934 deceperat.
1742 3840 1789 3913 Et

436 3945 666 4013 circumducens
686 3967 737 4014 eos
756 3945 793 4012 de
806 3939 971 4026 silitudine
991 3944 1025 4009 in
1042 3957 1177 4011 montem
1203 3942 1257 4033 qui
1277 3956 1410 4009 vocatur
1430 3936 1623 4017 olivarum,
1652 3939 1721 4007 inde
1746 3937 1788 4008 ad

438 4037 688 4130 Hierosolymam
710 4034 870 4110 nitebatur
888 4035 1047 4122 ascendere
1070 4062 1080 4105 .·
1112 4033 1294 4200 depulsoque
1320 4038 1535 4107 Romanorum
1555 4031 1698 4128 presidio
1719 4086 1730 4113 ‚
1753 4034 1788 4104 in

435 4133 605 4233 populares
619 4158 765 4207 exercere
780 4136 1026 4206 dominationem.
1074 4134 1136 4205 Ute
1157 4150 1232 4199 atur
1255 4149 1359 4201 autem
1374 4125 1608 4223 stipatoribus,
1633 4135 1689 4228 qui
1703 4132 1744 4200 ad
1754 4131 1789 4202 id

430 4230 562 4325 sasinus
579 4249 797 4304 convenerant.
847 4231 1002 4301 Providit
1009 4225 1161 4316 scneejrn
1173 4230 1322 4321 impetum
1340 4224 1458 4300 Felix,
1483 4227 1524 4299 d*
1545 4249 1707 4298 occurrens
1718 4250 1789 4299 cum

436 4326 513 4425 ipfir
534 4330 684 4414 Romanu
706 4328 854 4406 attuatii,
878 4350 953 4421 quos
967 4328 1067 4397 etiam
1081 4325 1267 4416 judaeorum
1293 4322 1415 4418 reliqua
1444 4322 1612 4395 multitudo
1628 4320 1788 4415 juvabat,

437 4429 518 4502 iniit
533 4419 719 4514 considium.
768 4428 814 4502 Et
827 4426 1000 4523 AEgyptiuc
1019 4424 1145 4521 quidem
1163 4423 1353 4595 cutqppmu
1372 4416 1471 4514 sugit.
1524 4420 1663 4493 Plurimi
1681 4437 1790 4531 autem

537 4525 648 4599 Tofflc
684 4525 733 4599 Η.
1053 4561 1056 4571 “
1733 4536 1788 4609 qus

1951 762 1967 795 X
