4667 5442
540 503 886 608 Hieroniii
943 493 1477 611 I-l'iinoroiriiii.
1545 501 1692 637 Ι289
1832 532 1834 537 ’
1960 479 1965 490 ’

344 672 431 765 Quo
460 671 569 747 inodo
591 665 802 769 Episcopum
824 670 1062 745 onhodoxum
1094 676 1297 770 Imperatori
1320 678 1472 758 Ariano,
1500 672 1689 773 multisque

345 771 442 845 foedo
459 769 692 850 criminibus,
720 763 904 865 scripsisse,
931 769 1110 867 probabile
1132 794 1203 842 non
1229 771 1286 843 est.
1337 771 1427 843 Vide
1452 776 1623 846 Baroni'iim
1647 776 1690 848 aa

343 874 475 944 Annum
503 868 694 939 c'cci'iii.
721 872 824 940 Num.
845 889 954 939 xxvi.
978 870 1022 940 (v
1047 866 1112 962 seq.
1136 866 1197 937 ubi
1214 865 1391 964 epistolam
1422 894 1499 943 cani
1522 867 1684 945 exhibete
1723 888 1734 905 ²

343 965 507 1061 &quum
526 983 620 1034 tanta
637 959 828 1034 Constantii
843 965 999 1035 encomia
1017 959 1076 1034 dis
1095 965 1253 1044 licerent,
1279 960 1349 1060 ipse
1363 966 1565 1062 ingmargine
1578 988 1687 1038 anno·
1803 1006 1806 1011 f

344 1063 453 1141 tavit,
482 1057 618 1149 Profufa
630 1058 783 1132 lauduno.
832 1066 916 1133 Non
933 990 1106 1131 dissimulo
1125 1081 1239 1135 tamen
1255 1057 1482 1134 Sardicenscm
1503 1063 1686 1157 Synodum

342 1154 615 1235 orthodoxam,
642 1153 882 1226 Constantium
912 1180 978 1226 una
1001 1181 1080 1227 cum
1097 1154 1284 1227 Constante
1305 1155 1404 1228 fratre
1422 1155 1629 1237 Θεοφιλεςάτυς
1646 1155 1686 1225 &
1736 1247 1741 1254 1
1765 1240 1768 1246 ,

341 1245 537 1330 hostede-ac
552 1251 699 1329 βασιλέως
717 1276 852 1325 vocare.
879 1249 1064 1326 Theodorei.
1076 1250 1155 1334 Hill.
1170 1248 1250 1335 Lib.
1263 1275 1278 1325 i
1289 1274 1320 1325 1.
1337 1260 1414 1347 Cap.
1433 1277 1478 1326 vi
1489 1277 1546 1327 11.
1598 1257 1684 1328 Λα·
1794 1329 1797 1336 ,

340 1344 435 1437 brosii
452 1344 687 1419 testimonium
711 1348 806 1420 annis
828 1339 908 1444 pliss
938 1349 1050 1419 minus
1079 1348 1288 1443 ostoginta,
1315 1373 1351 1421 re
1378 1347 1499 1446 gesta,
1528 1346 1684 1422 simodo

338 1443 460 1544 gesta,
486 1441 652 1539 posterius
674 1440 733 1517 est.
784 1439 1002 1516 Theodosius
1019 1445 1134 1525 enini,
1160 1445 1197 1516 in
1216 1445 1313 1533 cujus
1326 1447 1479 1517 oratione
1496 1443 1627 1519 funebri
1645 1443 1684 1519 id

340 1535 471 1612 disserit
492 1534 715 1621 Ambrosius,
742 1539 831 1612 obiit
847 1545 951 1613 Anno
970 1537 1096 1613 Chrilii
1117 1563 1309 1613 cccxciv.
1360 1542 1484 1613 Crucis
1500 1544 1685 1615 autemin·
1808 1571 1811 1576 ·
1947 1555 1949 1560 “

340 1638 463 1710 ventio
480 1634 623 1707 refertur
638 1637 683 1708 ad
697 1660 826 1709 annum
849 1658 1039 1711 cccxxvi.
1089 1636 1191 1708 Adde
1217 1631 1454 1719 Ambrosium,
1482 1640 1594 1714 virum
1616 1665 1683 1713 cae-

340 1756 413 1806 tera
433 1731 690 1829 gravissimum,
717 1756 882 1831 magnum
904 1728 999 1807 funie
1027 1731 1252 1843 reliquiarum
1275 1754 1546 1828 promotorem:
1574 1759 1682 1831 quem

340 1831 469 1901 mirum
487 1852 558 1900 non
586 1828 634 1902 est
655 1823 769 1927 sparso
791 1829 835 1902 de
861 1831 969 1903 crucis
987 1828 1186 1922 inventione
1208 1830 1338 1901 rumori
1364 1827 1462 1901 facile
1491 1828 1679 1910 credidisse.

336 1929 424 2000 Hoc
442 1925 536 1996 enim
553 1946 672 1996 natura
691 1924 799 2000 cuivis
817 1922 953 1999 insitum
970 1924 1038 2008 est,
1064 1947 1103 1997 ut
1121 1926 1165 1997 iis
1183 1949 1264 2023 quae
1280 1923 1381 1997 valde
1392 1927 1572 2023 cupimus,
1600 1926 1683 2004 licet

337 2016 511 2096 nonsatis
593 2019 701 2094 lorata
715 2015 777 2095 fint
798 2069 809 2105 ,
835 2021 947 2097 statim
957 2049 1000 2096 ac
1019 2021 1116 2096 facile
1134 2021 1360 2095 adhibeamus
1384 2017 1522 2104 fidem,
1549 2019 1679 2117 iisque,

337 2141 381 2192 ut
402 2115 557 2215 hypothe
599 2113 832 2204 inservituris,
859 2142 995 2193 utamur
1013 2119 1180 2193 alacriter.
1231 2122 1275 2191 Et
1313 2115 1482 2191 rofeuosi
1503 2120 1589 2190 tanti
1602 2143 1679 2194 ciu-
1747 2146 1748 2150 ’

335 2215 388 2288 cis
409 2214 564 2285 inventio
585 2213 661 2296 est,
690 2237 752 2299 ut,
770 2217 868 2307 juxta
887 2209 1105 2290 Ambrosium
1127 2261 1139 2298 ,
1174 2143 1358 2289 dicenchim
1386 2213 1488 2287 fuerit
1514 2214 1678 2304 Helenae3

334 2314 486 2409 quomodo
503 2334 555 2382 me
570 2314 741 2384 redemtam
759 2311 919 2396 arbitror,
937 2311 966 2404 ft
981 2316 1153 2407 redemptio
1175 2311 1242 2406 ipsa
1259 2336 1318 2383 non
1334 2312 1506 2385 cernitur?
1529 2337 1603 2409 quo
1616 2337 1681 2410 pa·

335 2413 394 2482 &o
415 2402 565 2479 excufiii
583 2399 720 2505 possunt
736 2408 919 2503 Apostoli,
946 2411 1120 2508 primique
1145 2406 1330 2482 Christiani
1350 2453 1363 2490 ,
1389 2429 1480 2504 quot
1525 2408 1680 2484 oriunda

335 2505 429 2579 cruci
447 2528 517 2575 nori
539 2506 704 2595 majorem
724 2506 943 2579 adhibuerint
958 2506 1176 2603 diligentiam
1199 2502 1212 2575 ἓ
1238 2510 1321 2576 Non
1335 2506 1426 2578 enim
1441 2432 1581 2603 Juclaei,
1608 2530 1679 2579 non

334 2600 497 2682 Pilatus,
524 2603 587 2697 qui
611 2598 738 2673 Christi
754 2602 896 2676 cadaver
908 2598 1163 2675 Arimathaeensi
1179 2596 1333 2700 Jofepho
1352 2601 1511 2675 concessit
1536 2648 1548 2684 ,
1577 2598 1679 2675 disci·

293 2705 323 2728 '¹
362 2698 430 2770 ulis
449 2695 573 2769 infelix
594 2695 742 2794 magistri
762 2699 981 2797 patibulum,
1008 2703 1058 2771 uti
1070 2699 1214 2809 opinor,
1242 2691 1449 2770 invidissent.
1501 2704 1566 2771 Fac
1584 2700 1677 2772 invi·

332 2724 429 2868 gille.
480 2798 556 2866 Cur
573 2819 642 2865 non
656 2792 774 2867 saltem
796 2794 1043 2893 Apostolorum
1063 2791 1245 2892 discipuli,
1273 2792 1383 2866 diruta
1395 2795 1598 2891 Judaeorum
1612 2821 1697 2893 po-·

329 2891 432 2972 litia,
461 2891 558 2965 Urbe
588 2890 677 2963 ferro
710 2896 747 2963 &
765 2892 914 2965 flammis
940 2888 1075 2973 excisa,
1104 2916 1147 2963 ex
1166 2891 1312 2973 vicino,
1338 2914 1412 2987 quo
1433 2892 1676 3002 confugerant,

332 2987 469 3086 oppido
490 2984 601 3061 ffatim
628 2989 825 3070 advolant,
858 2990 893 3060 iri
924 2988 1104 3074 ruderibus
1125 2986 1197 3058 illis
1222 3011 1354 3060 crucem
1374 2983 1572 3069 scrutaturi,
1600 3012 1679 3063 tan·
1715 3023 1720 3032 ⁵

330 3104 408 3160 tani
427 3083 605 3179 religionis
623 3079 690 3156 suae
708 3109 862 3182 partem,
890 3082 1127 3156 inexhaustum
1146 3083 1423 3155 benedictionum
1436 3107 1477 3157 ac
1490 3086 1676 3158 miraculo·

330 3206 412 3259 rum
425 3179 651 3263 thesaurum,
677 3177 833 3253 Ecclesiae
851 3182 1057 3276 peculium,
1085 3174 1204 3287 spem,
1224 3174 1417 3274 praesidium
1441 3177 1455 3248 ἓ
1487 3175 1676 3254 Praesertim

286 3291 289 3298 '
360 3302 445 3349 uum
466 3276 602 3349 nullum
620 3275 669 3348 ibi
692 3272 968 3373 persecutionum
989 3274 1179 3345 ludibrium
1199 3271 1448 3355 metuendum,
1476 3271 1533 3344 fed
1553 3271 1676 3349 solitu-

329 3304 404 3455 io,
434 3399 472 3447 ac
489 3396 585 3445 muta
603 3376 742 3455 omnia,
771 3366 884 3443 ellent.
932 3371 1110 3442 Nimirum
1129 3365 1366 3439 existimabant
1383 3368 1421 3440 id
1439 3369 1539 3466 quod
1548 3396 1600 3443 res
1616 3369 1675 3457 est,

330 3470 419 3546 nihil
440 3468 485 3541 ad
501 3465 683 3541 Ecclesiam
708 3469 885 3544 commodi
909 3492 954 3540 ex
974 3464 1141 3537 materiali
1166 3462 1228 3535 illa
1249 3488 1346 3537 cruce
1372 3465 1561 3539 redundare
1586 3493 1676 3544 nunc

328 3569 480 3668 amplius
498 3560 605 3664 polle.
654 3566 850 3639 Sufficiebat
872 3566 915 3638 iis
936 3561 1054 3644 fides,
1082 3560 1249 3642 dilestio,
1278 3559 1391 3633 cultus
1414 3558 1578 3636 Crucifixi
1601 3591 1611 3636 i
1637 3569 1676 3641 sa

329 3668 388 3763 pia
407 3662 678 3761 Evingeliorum
704 3662 913 3744 meditatio,
941 3663 976 3733 in
1003 3657 1131 3756 quibus
1159 3658 1202 3728 de
1234 3657 1379 3730 Domini
1405 3651 1676 3756 perpelhonibus

329 3762 533 3837 sufficienter
555 3761 744 3835 erudimur.
795 3760 923 3832 Caeteri
939 3762 1095 3828 auctores
1108 3750 1211 3826 fidem
1237 3752 1385 3827 historiae
1404 3755 1580 3830 destruunt
1600 3783 1677 3831 ma·

331 3861 388 3960 gis
408 3883 513 3953 quain
534 3877 573 3927 ut
591 3849 775 3938 allhuant.
825 3855 926 3929 Adeo
948 3851 1009 3925 sibi
1032 3846 1159 3923 dillona
1178 3873 1466 3925 commentantur.
1520 3854 1610 3927 Vide
1634 3852 1675 3932 sis

331 3979 472 4050 aquam
495 3954 656 4026 tenuibus
672 3955 781 4026 initiis
801 3997 813 4034 ,
840 3953 892 4023 uti
913 3952 949 4021 in
972 3948 1097 4020 fabulis
1114 3943 1184 4018 fieri
1204 3940 1343 4028 allolet,
1372 3945 1460 4019 fama
1480 3951 1569 4023 vires
1589 3976 1677 4026 eun·

330 4052 380 4123 do
404 4047 629 4147 acquisiverit.
681 4052 844 4147 cyrillae³
877 4068 917 4117 ut
944 4046 1072 4131 aiunt,
1103 4038 1343 4140 simplicissime
1371 4046 1523 4141 primum
1559 4047 1672 4133 dixit,

332 4146 548 4223 Constantini
575 4140 956 4243 temporibus'salutare
974 4140 1082 4214 crucis
1101 4137 1236 4236 lignum
1265 4162 1451 4235 repertum.
1503 4143 1571 4216 Hic
1591 4141 1673 4217 sub·

326 4244 428 4321 llitit.
463 4240 648 4331 Ambrosias
662 4242 785 4315 rudem
810 4239 970 4312 fabellam
1001 4236 1203 4317 exornavit,
1231 4234 1287 4307 vel
1311 4233 1354 4305 ab
1372 4236 1448 4309 aliis
1474 4264 1675 4318 exornatam

330 4342 491 4436 excepit,
518 4343 555 4413 δι
575 4341 748 4414 Helenam
769 4337 877 4411 crucis
897 4330 1090 4432 quaerendae
1107 4351 1213 4427 atque
1231 4332 1444 4406 inveniendae
1463 4335 1587 4409 ducem
1599 4340 1674 4412 edi·

329 4439 407 4513 dit:
433 4435 581 4519 addito,
606 4463 651 4514 ex
665 4436 771 4512 titiilo
789 4456 925 4510 crucem
953 4430 1100 4504 Domini
1119 4422 1393 4528 deprehensio:
1417 4455 1490 4510 non
1519 4457 1676 4507 contem·

427 4534 519 4614 Tem.
552 4540 608 4616 ΙΙ.
1043 4530 1080 4604 O
1099 4549 1123 4598 ο
1522 4530 1675 4605 nendum
