4667 5442
580 453 743 599 144¹
854 445 1728 588 Exancrrnrro-Vli

571 637 693 717 bello,
720 632 965 708 demonstravit
981 637 1102 706 Cicero.
1152 632 1309 732 Ideoque
1331 680 1342 716 ,
1370 628 1394 705 fi
1416 637 1495 731 quis
1515 637 1764 728 juventutem,
1796 656 1873 709 non
1894 637 1934 712 iti

572 736 625 806 uti
639 732 688 804 sas
706 730 774 815 est,
802 736 836 805 in
858 730 1092 803 recordatione
1110 732 1285 803 creatoris
1307 725 1359 804 sui
1376 734 1556 829 exegerit,
1592 758 1662 806 non
1685 730 1832 806 idcirco
1849 736 1931 810 eiiu

571 827 741 902 seneuute
769 825 1037 925 desperandum,
1065 829 1103 899 &
1129 822 1228 923 quod
1251 822 1397 924 superest
1418 830 1528 902 aetatis
1558 823 1631 902 sola
1658 833 1836 903 anteacta
1855 832 1930 906 vitae

572 921 810 1007 accusatione,
837 924 995 1020 nihilque
1011 921 1193 1020 profuturo
1209 948 1354 997 moerore
1376 920 1696 1022 transigendumest.
1753 925 1930 1002 Nullare·

571 1018 778 1120 srpiscentia,
806 1021 900 1095 nulla
918 1017 969 1093 sui
985 1021 1203 1100 emendatio,
1231 1017 1328 1092 nulla
1348 1021 1456 1094 virtus
1476 1022 1546 1096 seta
1558 1020 1605 1095 est
1623 1047 1635 1108 3
1660 1020 1782 1093 modo
1795 1027 1929 1100 vera&

571 1115 654 1191 seria
671 1113 721 1191 stt.
773 1121 817 1190 Et
836 1143 908 1215 quo
937 1116 1018 1214 plus
1041 1116 1208 1212 temporis
1228 1110 1484 1191 inconsideratis
1510 1113 1703 1216 impensum
1726 1115 1928 1219 voluptati·

572 1215 658 1297 bus,
686 1238 745 1287 aur
764 1214 965 1294 inutilibus,
993 1211 1050 1284 vel
1070 1212 1185 1284 noxiis
1206 1212 1333 1295 etiam,
1360 1208 1652 1287 sollicitudinibus
1677 1210 1760 1298 est,
1791 1240 1839 1290 eo
1857 1243 1927 1292 tua·

569 1312 636 1400 jori
655 1308 856 1409 diligentia,
884 1307 982 1407 quod
1002 1302 1071 1380 sem
1090 1306 1187 1381 restat
1216 1310 1347 1390 aetatis,
1375 1313 1495 1476 pietati
1518 1306 1720 1384 sacrandum
1749 1312 1793 1384 δι
1814 1308 1926 1392 saluti.

395 1431 489 1496 xxx
499 1434 523 1494 1,
668 1411 811 1481 XXXI.
837 1409 897 1480 Sin
914 1429 999 1479 vero
1018 1430 1037 1477 a
1053 1404 1218 1501 pueritia,
1245 1403 1302 1476 vel
1319 1402 1386 1478 ado
1402 1403 1544 1481 escentia
1564 1408 1596 1479 ei
1617 1430 1768 1505 operam
1780 1408 1925 1494 dederit,

393 1511 539 1592 praeeram
571 1526 647 1577 tum
663 1500 780 1602 priscae
797 1504 962 1584 virtutis,
990 1526 1027 1575 ac
1049 1505 1136 1573 reite
1153 1500 1319 1574 saliorum
1339 1504 1552 1586 recordatio,
1579 1498 1768 1600 senectutis
1791 1506 1924 1582 incon-

386 1599 423 1736 ?
434 1603 482 1678 ,m
500 1585 535 1646 ⁶⁶
571 1601 687 1675 modis
710 1604 756 1672 ira
774 1598 989 1680 medebitur,
1017 1618 1145 1669 utnon
1167 1592 1282 1671 solum
1301 1622 1371 1671 non
1390 1598 1533 1673 molesta
1553 1598 1785 1685 admodum,
1812 1598 1926 1678 sed&

407 1666 468 1723 ’ω’
570 1719 668 1798 grata
687 1723 724 1772 ac
743 1696 891 1787 jucunda
914 1697 977 1792 pio
996 1688 1066 1767 seni
1081 1693 1224 1769 accidat.
1275 1697 1377 1767 Tunc
1398 1695 1539 1779 licebit,
1567 1721 1647 1767 cum
1668 1697 1849 1790 Frarrtisco
1868 1707 1925 1774 Pt-

534 1819 542 1828 ’
570 1796 717 1874 marcha,
742 1787 1307 1888 Epistol.Senil.la’b.v111.Episl.
1332 1815 1388 1865 11.
1411 1789 1612 1891 praesentem
1627 1786 1925 1870 seneuutemsan·

572 1896 624 1963 &a
646 1887 708 1963 hac
728 1886 884 1986 ἆποςςοφξῐ
905 1888 1081 1987 excipere:
1109 1890 1328 1961 anneraruda
1349 1909 1423 1964 ante
1442 1891 1522 1965 aliar
1540 1886 1706 1981 sendus!
1731 1887 1829 1968 data
1843 1912 1925 1992 opra-

571 1992 636 2061 ta!
661 1984 678 2059 ὂ
697 1990 902 2086 nequidquam
915 1982 1093 2076 forruidata
1112 1982 1300 2080 mortalibus
1314 1988 1328 2055 l
1354 1982 1463 2079 bfelix
1483 1991 1581 2062 atat!
1606 1988 1765 2083 Indignus
1785 1988 1833 2076 est
1845 1993 1924 2065 adtt

567 2086 762 2182 pervenire,
785 2087 841 2181 qui
863 2101 896 2156 te
914 2083 1036 2155 metuit.
1085 2084 1239 2177 Indignus
1263 2080 1460 2179 peruenisse.
1487 2088 1544 2183 qui
1561 2103 1595 2159 te
1617 2083 1755 2166 arabat.
1808 2091 1880 2184 Ego
1895 2105 1923 2162 re

565 2181 687 2278 semper
704 2184 835 2280 optavi:
866 2202 1024 2277 numquam
1039 2179 1142 2252 timui.
1191 2182 1259 2273 Ego
1281 2178 1344 2254 tibi
1366 2178 1568 2263 adventanti,
1592 2186 1714 2278 quando
1737 2181 1859 2268 licuit,
1879 2181 1924 2262 ab·

571 2282 659 2352 viam
673 2278 807 2375 proceffi.
856 2282 921 2373 Ego
941 2295 974 2350 te
990 2280 1073 2350 vom
1085 2279 1282 2371 expetitam,
1309 2280 1352 2352 (φ
1363 2297 1609 2376 praeoccupatam
1627 2282 1737 2353 animo
1749 2281 1924 2382 adquam.

573 2378 618 2451 d
631 2375 814 2472 mafortem
832 2395 953 2456 teneo,
984 2375 1029 2447 ab·
1049 2373 1229 2471 amplellor.
1278 2372 1406 2447 Obana
1424 2378 1577 2449 malorum
1596 2373 1722 2450 vitrix
1743 2375 1924 2474 affatim

572 2474 797 2571 expultrixque
815 2475 935 2571 optima
949 2467 1117 2543 libidinum
1126 2469 1347 2566 peffunarum!
1373 2468 1447 2545 Tibi
1465 2477 1520 2546 uni
1529 2519 1542 2558 ,
1562 2468 1630 2644 poli
1649 2477 1794 2560 ΠΜ,
1817 2479 1924 2560 tribur,

571 2574 654 2681 quad
662 2624 673 2652 ,
680 2565 1047 2758 proderitcornpedibut
1059 2568 1096 2643 el
1114 2565 1199 2651 tritli
1212 2591 1336 2672 cascere
1363 2568 1540 2653 relatam,
1574 2565 1644 2645 ibor
1662 2575 1799 2647 aaran
1812 2579 1923 2675 meique

565 2691 648 2761 purat
669 2693 686 2739 e
709 2692 726 2739 e
751 2687 878 2765 tncrpao.

294 2783 305 2798 ⁸
392 2799 500 2871 mn
669 2766 828 2837 xxxu.
857 2768 1032 2837 Caeterum
1052 2760 1120 2836 hoc
1136 2786 1281 2863 quoque
1305 2766 1483 2840 commodi
1502 2768 1560 2936 pia
1573 2761 1761 2865 sanltaque
1779 2763 1922 2846 senedou

277 2865 280 2870 '
392 2850 521 2977 naqa}
536 2858 694 2974 ,uhabet3
723 2863 821 2971 quod
837 2862 873 2932 in
892 2880 1042 2932 mortem
1058 2860 1231 2966 placidam
1249 2863 1477 2962 beatamque,
1518 2888 1572 2937 me
1585 2860 1796 2942 vehementi
1808 2891 1923 2968 corpo·

388 2961 527 3152 leat?
572 2956 1029 3127 lllll‘lllllllr
1050 2952 1925 3140 ,billllllffillnlllllffll

572 3149 620 3227 est
638 3150 731 3250 apud
754 3148 908 3224 Stobaum
928 3153 979 3223 tit.
995 3173 1077 3226 120.

737 3243 814 3316 rslb'
833 3245 924 3320 lab-'i
950 3240 1073 3321 abarae
1096 3244 1202 3324 >tots-be
1224 3248 1324 3348 irrepit
1345 3253 1439 3322 uiant.

731 3339 879 3411 Medicus
899 3360 985 3409 mors
1003 3333 1183 3410 morborum
1203 3349 1340 3413 omnium
1361 3340 1401 3423 est
1418 3340 1604 3437 nooiffimut.

571 3431 681 3523 Quod
699 3427 865 3532 sapienter
878 3429 1172 3518 animadversum,
1199 3438 1420 3537 &eleganter
1434 3438 1666 3536 explicatum,
1693 3435 1742 3512 ab
1764 3463 1924 3544 eoquem

569 3528 680 3603 modo
700 3528 840 3601 laudavi
860 3536 977 3601 Caram
1004 3528 1062 3612 est.
1114 3531 1231 3625 Qid,
1253 3535 1391 3631 inquit,
1415 3553 1483 3608 tam
1506 3535 1677 3624 berardum
1696 3557 1863 3617 mmm
1879 3535 1927 3626 ol,

569 3648 666 3725 quam
682 3619 809 3715 senibus
830 3625 959 3698 emori?
984 3629 1159 3722 quotidem
1175 3635 1312 3726 contigit
1327 3629 1588 3722 adolescentibus,
1613 3631 1925 3724 nonsummu-

565 3740 728 3821 pugnante
747 3740 876 3794 natura.
927 3726 1045 3820 Itaque
1073 3724 1275 3814 adolescentes
1295 3725 1341 3820 fic
1359 3731 1438 3803 mibi
1465 3734 1545 3805 mori
1562 3732 1742 3813 videntur,
1776 3751 1819 3810 'ut
1835 3755 1928 3835 quun

570 3843 657 3916 aqua
675 3818 876 3893 multitudine
891 3812 1023 3910 Mena
1039 3824 1089 3892 vit
1108 3826 1297 3920 opprimitur
1318 3853 1329 3898 e
1348 3826 1437 3916 foues
1449 3824 1623 3919 mtemsrc,
1648 3843 1688 3901 ut
1704 3833 1926 3932 φημι,

569 3916 655 3988 nulla
677 3914 819 3989 adbibita
837 3918 905 3998 oi,
930 3915 1104 4005 consuantur
1124 3923 1203 4014 igmi
1218 3919 1437 4016 exstinguitur.
1489 3929 1534 4000 Et
1551 3921 1637 4022 quast
1649 3941 1749 4021 poma
1765 3953 1813 4003 ex
1833 3929 1925 4006 arba·

569 4008 682 4092 tibur,
702 4010 731 4102 fi
753 4012 962 4102 crudasunt,
990 4015 1437 4108 avehitumstmatura&
1463 4021 1550 4095 colla
1571 4075 1582 4103 ,
1605 4025 1927 4124 decidunteficai·

566 4126 637 4181 tam
655 4105 897 4199 adolescentibus
916 4114 965 4216 ori
984 4108 1090 4202 aubert
1108 4166 1119 4194 ,
1137 4111 1266 4202 lenibat
1292 4119 1490 4191 maturitaa:
1515 4143 1581 4218 qua
1598 4119 1681 4204 mibi
1702 4124 1842 4218 quidem
1858 4147 1928 4202 aa·

561 4206 706 4301 jucunda
722 4204 787 4290 est,
811 4226 879 4291 ut,
905 4232 966 4307 quo
988 4214 1121 4307 propiut
1139 4216 1182 4285 ad
1205 4233 1338 4288 mutarn
1360 4220 1527 4297 accedam,
1551 4211 1636 4315 quad
1663 4234 1793 4298 amatre
1814 4225 1926 4302 vidae

569 4306 706 4388 videm,
728 4303 954 4407 aliquandoque
966 4309 999 4383 in
1012 4325 1142 4408 partuum
1155 4310 1248 4409 longa
1258 4314 1461 4409 navigatione
1478 4310 1538 4409 effe
1552 4332 1721 4399 temtum·

1734 4461 1924 4604 xxmn.
