4667 5442
637 484 714 582 Du
749 485 948 585 Ruuar.
971 485 1116 578 Fruar
1156 513 1230 579 nn
1263 433 1581 604 Jusrrircnn.
1692 481 1791 611 625

450 648 489 721 bc
511 669 658 744 acceptae
676 671 696 719 a
715 638 944 719 sesolurionis
966 643 1074 719 dedit.
1090 715 1092 719 ,
1125 641 1293 742 Idemque
1313 642 1469 720 Christus
1487 641 1662 718 suscitatus
1686 642 1731 717 esi
1750 641 1795 717 ad

451 742 556 819 nostri
574 739 856 833 justificationem.
877 746 984 813 Rom.
1006 764 1073 815 rv:
1094 758 1155 832 25.
1206 747 1301 814 Nam
1318 765 1429 839 quum
1452 738 1522 839 ipse
1542 737 1792 829 justificabatur,
1830 799 1834 805 .

447 836 548 915 fimul
566 838 831 930 justificabantur
852 839 948 911 elelii
966 840 1002 913 in
1016 836 1122 936 ipso,
1150 839 1282 937 quippe
1293 861 1445 937 quorum
1452 838 1592 936 gerebat
1599 835 1791 934 personam.
1902 861 1916 868 ·

547 943 607 1011 lll.
633 935 751 1008 Lubet
762 933 819 1009 hic
834 935 1019 1034 appingere
1034 939 1253 1009 Cnnunocr
1276 935 1560 1009 commentarium
1571 936 1606 1008 in
1619 931 1793 1009 laudatam
1858 955 1914 1019 m.

448 1032 560 1107 modo
575 1032 672 1108 Pauli
686 1032 883 1131 pericopam
905 1059 915 1105 r
943 1037 1079 1122 Operm
1096 1030 1189 1130 ipsus
1211 1032 1460 1127 Anglicanorum
1472 1031 1563 1107 Tam.
1587 1054 1642 1106 11.
1660 1050 1695 1128 p.
1713 1052 1792 1123 321.

446 1132 567 1233 Qum
580 1127 795 1227 perplacerent
814 1134 890 1205 Deo
901 1125 1019 1212 curisti
1029 1127 1231 1227 perpessiones
1247 1132 1280 1203 in
1300 1149 1404 1203 monte
1421 1130 1599 1209 Calcaria,
1623 1126 1795 1211 nostrorum
1814 1147 1818 1166 ³

441 1227 584 1323 gratiose
602 1222 845 1315 obliviscebatur
856 1244 1058 1320 pcccatorum
1080 1255 1091 1295 .-
1124 1230 1167 1301 (t'
1189 1250 1231 1300 ex
1252 1224 1418 1301 rebellibus
1435 1222 1614 1299 declarabat
1634 1250 1687 1297 nus
1705 1228 1795 1299 bere·

444 1329 510 1399 aes.
558 1330 600 1399 In
616 1324 675 1395 lrac
690 1319 804 1404 (bristi
813 1320 1003 1409 absolutione
1018 1327 1365 1398 Fuuonueuraurs
1380 1327 1676 1422 Jusr1r1cnr10
1695 1319 1794 1405 eleo·

442 1446 516 1592 a
550 1414 908 1614 lernen
930 1421 1156 1589 natu
1173 1418 1794 1608 llflnt

441 1618 601 1690 donnatio
620 1637 729 1686 eorum
748 1616 883 1687 omnum
901 1617 957 1710 qui
969 1607 1080 1685 iunii
1098 1616 1192 1709 iprus
1207 1611 1442 1690 continebantur
1452 1646 1465 1695 ;
1489 1612 1687 1688 nonaiiualic
1697 1648 1709 1698 ,·
1737 1616 1792 1685 io·

446 1736 502 1784 nec
522 1710 578 1805 ips
597 1707 784 1792 exilierunt,
809 1708 946 1799 ejuslern
961 1733 1031 1783 crau
1048 1708 1112 1805 ipso
1133 1729 1253 1784 natura
1268 1707 1351 1801 salii
1376 1712 1575 1806 participes:
1601 1714 1642 1783 ad
1661 1713 1792 1785 eundern

445 1814 588 1889 niodum,
612 1812 685 1878 cluna
706 1803 842 1888 chrislus
857 1811 908 1879 uti
927 1804 1056 1901 Sponsrr
1073 1803 1323 1894 absiloebatur,
1348 1806 1395 1878 illi
1419 1831 1553 1888 omnes,
1596 1832 1706 1882 uorum
1715 1824 1790 1903 per·
1932 1851 1939 1858 ·

437 1903 549 1993 ,mnam
560 1900 710 1996 gerebat,
734 1906 776 1977 Θ*
813 1920 919 1975 eccata
928 1898 1100 1999 portabat,
1123 1906 1155 1976 in
1173 1904 1232 1975 bac
1255 1908 1270 1977 i
1284 1900 1350 1993 suc
1366 1902 1558 1993 absolutiore
1567 1830 1790 1995 suculamcnta-

442 1999 507 2073 lem
522 1996 743 2087 absolutionem
814 1998 955 2073 omnibus
961 1997 1136 2093 penalibus
1150 2016 1248 2096 perpe
1269 1996 1386 2073 renibus
1399 1996 1525 2072 habent.
1574 2000 1721 2097 ,Quando
1734 2023 1793 2072 ue·
1935 2067 1939 2074 .

440 2094 505 2169 luti
521 2100 693 2170 eommunis
705 2094 857 2192 persona,
882 2096 1053 2169 multorum
1065 2113 1198 2191 peccata
1217 2099 1251 2168 in
1266 2096 1317 2186 sui
1335 2094 1429 2195 ipsus
1449 2092 1609 2172 oblatione
1625 2091 1791 2193 portabat,

440 2200 486 2269 (ν
503 2213 562 2290 pro
579 2193 715 2290 ipsorum
736 2214 828 2266 reatu
841 2190 1083 2283 sttusacicbat3
1107 2213 1182 2267 tunc
1196 2198 1248 2267 uti
1264 2212 1358 2291 caput
1378 2194 1486 2269 mlius
1502 2192 1545 2279 esi
1563 2194 1790 2282 absolutionem

441 2315 550 2364 eorum
569 2294 707 2364 munium
727 2312 860 2386 quorum
876 2292 910 2361 in
925 2286 962 2377 sc
975 2287 1154 2385 susceperat
1169 2308 1294 2364 reatum
1312 2322 1326 2373 ,·
1352 2316 1391 2364 ne
1408 2292 1456 2364 illi
1476 2315 1612 2389 unquam
1620 2287 1682 2379 sub
1695 2313 1790 2363 onere

454 2388 771 2476 'ceruorumsuorum
786 2383 992 2477 fatiscerent,
1017 2405 1074 2458 aut
1099 2390 1135 2458 in
1150 2403 1256 2483 ponat
1274 2389 1342 2483 lege
1361 2390 1564 2461 denuntiatae
1583 2390 1788 2460 incurrerent.

436 2405 532 2557 iraec
551 2510 594 2556 ex
614 2487 774 2556 dionaeo
794 2479 961 2555 sufficiant
982 2509 992 2556 r
1018 2482 1211 2579 prolixiora
1234 2487 1325 2558 enim
1343 2480 1448 2572 sunt,
1484 2507 1564 2583 quae
1584 2480 1785 2582 sequuntur.

440 2584 522 2653 Nos
542 2580 586 2652 ad
602 2579 794 2671 institurum
813 2577 1005 2653 redeamus.
1676 2637 1679 2642 .

538 2682 601 2749 IV.
629 2673 835 2750 Generalem
853 2672 962 2756 hanc,
984 2670 1073 2759 sive,
1095 2697 1135 2747 ut
1148 2679 1326 2754 werruca
1346 2703 1471 2762 vocat,
1494 2674 1783 2759 fundaruntalcn,
1891 2691 1911 2750 .-

436 2767 714 2866 justificationem
731 2768 884 2869 sequitur
904 2771 971 2843 alia
989 2768 1196 2870 specialior,
1224 2778 1261 2847 &
1284 2779 1395 2875 magis
1419 2776 1581 2858 adualis,
1609 2799 1689 2873 quae
1712 2776 1787 2847 eui-
1942 2769 1945 2776 ’

439 2893 510 2968 que
531 2869 637 2943 eletio
659 2870 833 2969 capitatim
851 2868 1054 2967 applicatur.
1105 2875 1223 2968 Atque
1242 2871 1314 2948 haec
1334 2872 1446 2948 rursus
1459 2874 1571 2947 veleo
1592 2873 1725 2953 tendit,
1747 2889 1787 2943 ut
1935 2942 1939 2951 ,

437 2964 596 3050 homini,
615 2992 755 3065 propter
775 2963 901 3040 Christi
920 2990 984 3075 pro
1001 2962 1076 3066 ipso
1092 2963 1376 3053 satisfactionem,
1404 2973 1557 3068 primum
1573 2964 1787 3137 pratiaesalu-

437 3061 547 3137 tiserae
564 3087 602 3137 ac
625 3061 808 3162 spiritualis
825 3065 905 3136 vitae
923 3063 1063 3137 initium
1074 3068 1370 3141 communicetur:
1396 3067 1504 3139 velut
1517 3067 1578 3138 dec
1594 3064 1784 3152 areturjam

440 3154 505 3231 elle
522 3161 557 3230 in
572 3159 657 3232 statu
702 3163 808 3234 ratiae.
859 3159 948 3231 Fieri
969 3153 1047 3232 sane
1075 3184 1146 3231 non
1168 3160 1314 3255 potest,
1342 3184 1381 3235 ut
1406 3167 1503 3234 Deus
1529 3163 1645 3258 primo
1665 3159 1786 3271 gratiae

434 3252 508 3330 suae
527 3184 866 3349 appulsuiominem
878 3273 1092 3350 peccatorem
1105 3255 1226 3336 beare,
1253 3254 1437 3354 vitaeques
1454 3256 1599 3330 iritualis
1609 3256 1709 3327 initio
1720 3252 1788 3326 do-

436 3374 521 3423 nare
538 3351 692 3422 animum
709 3349 870 3431 inducat,
897 3344 958 3421 nist
975 3349 1102 3420 intuitu
1117 3349 1320 3423 meritorum
1339 3283 1464 3426 chrisi
1485 3399 1497 3435 ,
1536 3375 1615 3450 quae
1632 3351 1676 3425 ad
1693 3348 1785 3424 hunc

434 3444 618 3517 hominem
638 3441 847 3543 singulariter
861 3445 1030 3542 pertinere
1052 3443 1200 3519 declarat
1223 3446 1363 3543 quando
1380 3450 1500 3548 incipit
1515 3451 1546 3521 ei
1568 3446 1719 3521 conferre
1732 3469 1784 3532 ca.

437 3566 522 3640 quae
542 3539 696 3615 Christus
724 3541 922 3616 obedientia
949 3544 987 3617 δι
1002 3563 1118 3642 =morte
1143 3537 1202 3615 sua
1220 3544 1428 3642 impetravit.
1479 3552 1597 3643 Atque
1625 3541 1786 3616 hactenus

437 3641 509 3711 dici
528 3636 663 3736 potest,
691 3663 772 3713 curn
789 3636 970 3712 hominem
987 3639 1023 3712 in
1041 3640 1153 3739 prima
1170 3644 1425 3738 regeneratione
1444 3636 1511 3735 sua¹
1526 3638 1716 3731 iustificari,
1744 3638 1783 3711 id

440 3733 489 3810 est
499 3781 512 3818 ‚
539 3735 703 3809 declarari
723 3759 833 3810 unum
853 3761 898 3812 ex
916 3731 1055 3821 iiseffe,
1083 3734 1210 3834 quibus
1225 3739 1279 3827 jus
1291 3740 1372 3812 virae
1387 3730 1781 3837 achristopartufflestt

437 3834 536 3924 cujus
551 3834 636 3923 juris
653 3834 780 3905 virtute
799 3857 887 3908 nune
909 3856 1053 3905 amorre
1072 3828 1239 3931 spirituali
1260 3834 1306 3907 ad
1320 3838 1427 3909 vitam
1441 3830 1629 3909 suscitatur.

536 3934 582 4002 V.
609 3928 752 4001 Clarum
765 3928 833 4010 est,
859 3952 983 4001 omnes
995 3926 1060 4003 hos
1081 3928 1242 4003 articulos
1259 3933 1499 4030 imputationis
1510 3930 1645 4023 justitiae
1654 3927 1780 4006 christi
1840 3946 1884 4015 v.

438 4021 508 4097 fide
525 4024 645 4098 actuali
662 4025 846 4098 anteriores
865 4020 928 4097 esse
939 4070 952 4107 ‚
977 4028 1015 4101 8(
1026 4070 1038 4107 ,
1061 4021 1157 4097 sreas
1182 4024 1426 4115 justificationis
1444 4030 1584 4102 nomine
1608 4026 1780 4127 defignare

436 4119 527 4193 velis
548 4120 672 4221 (quod
691 4144 805 4197 tannen
828 4120 976 4205 dubito,
1002 4145 1045 4194 an
1065 4122 1137 4196 Scri
1162 4141 1238 4194 tura
1261 4144 1434 4221 praeunte
1454 4124 1597 4199 saliurus
1616 4118 1682 4214 fis)
1702 4119 1781 4198 sane

435 4214 506 4290 hoc
528 4214 1011 4388 intuiettpfidesjuslificationia
1029 4145 1193 4316 loqueba,
1216 4216 1365 4306 stulius,
1384 4220 1551 4299 indicium
1564 4243 1781 4323 atqueargu·
1841 4301 1845 4307 ,

434 4336 596 4388 mentum
664 4366 674 4388 .

536 4410 624 4487 Turn
646 4415 700 4488 ll.
1130 4407 1203 4494 uk
1226 4408 1284 4490 kk
1618 4418 1682 4491 Vl.
1699 4413 1782 4486 ce·
