4667 5442
560 429 660 622 3l4
784 453 1500 585 Exancirnrio
1570 486 1679 582 ΧΠ.

556 648 851 747 frequentissima,
878 654 916 725 &
929 646 1208 747 opulentissima3
1232 670 1273 719 ut
1288 672 1367 721 vere
1388 647 1446 723 liic
1464 648 1583 723 locum
1599 645 1731 720 habeat
1750 644 1925 723 Domini·

560 773 600 823 ca
616 748 660 820 de
680 741 869 820 desertione
889 749 983 819 urbis
1004 745 1194 845 praedistio.
1246 750 1336 832 Quae
1354 771 1440 819 vero
1459 743 1565 818 hodie
1592 746 1743 843 integrae
1762 738 1924 820 visuntu

560 845 675 929 aedes,
701 844 845 942 lapideae
863 843 1009 943 quidem
1032 868 1181 926 omnes,
1206 836 1265 915 sed
1281 839 1433 916 humiles
1452 843 1647 942 pleraeque,
1673 838 1924 916 &iniustiti-

560 963 638 1017 tum
660 943 926 1054 contignationis
944 936 1043 1023 sunt,
1069 945 1271 1038 pavimento
1289 936 1436 1014 subdiali
1448 946 1544 1013 testae
1564 969 1573 1013 :
1599 963 1725 1040 paucae
1737 936 1788 1012 ad
1807 932 1925 1014 secun·

562 1040 643 1112 dam
670 1042 961 1139 contignationem
991 1035 1234 1125 adscendunt3
1266 1040 1474 1137 paucissimae
1504 1038 1550 1111 ad
1571 1039 1726 1110 tertiam.
1783 1041 1923 1116 Bam

562 1133 692 1228 (idest
719 1141 805 1210 Fora
829 1134 843 1227 )
873 1133 931 1208 etsi
950 1132 1031 1210 satis
1049 1161 1105 1209 ma
1132 1133 1259 1219 nifica,
1298 1156 1435 1208 arcuato

562 1232 731 1331 quadrato
760 1233 876 1331 lapide
893 1260 923 1306 ae
951 1259 994 1305 ua
1016 1156 1172 1306 menstra
1197 1229 1365 1316 conciso,
1401 1161 1523 1304 mustis
1547 1257 1584 1304 in
1611 1230 1701 1305 locis
1724 1251 1921 1306 etiamnum

561 1331 696 1427 integra
719 1324 798 1403 sunt
817 1357 828 1417 3
853 1353 893 1403 ut
912 1260 1104 1428 plurimum
1126 1351 1240 1403 tamen
1260 1328 1410 1402 tabernae
1428 1328 1487 1402 vel
1506 1327 1613 1401 ruinis
1640 1325 1864 1411 deformes,
1889 1329 1922 1402 δι

560 1421 710 1502 sordidae
721 1471 733 1509 ,
760 1426 815 1499 vel
833 1429 1019 1526 negledae,
1046 1429 1083 1499 δι
1099 1451 1218 1499 vaeuae
1232 1421 1434 1523 speilantur.
1485 1425 1569 1501 Rari
1589 1426 1684 1498 enim
1695 1420 1758 1496 hic
1780 1420 1921 1501 suntar·

562 1518 703 1605 tifices,
729 1522 817 1595 nulli
835 1521 904 1602 sere
923 1547 1129 1597 mercatores
1150 1571 1161 1606 ‚
1188 1544 1311 1622 praeter
1331 1547 1392 1595 eos
1420 1523 1484 1619 qui
1502 1546 1699 1602 annonam,
1729 1523 1772 1593 δι
1792 1545 1923 1622 pannos

563 1644 610 1693 er
625 1619 835 1693 camelorum
854 1619 912 1692 vel
930 1644 1105 1717 caprarum
1115 1620 1197 1718 pilis
1214 1640 1424 1702 contextos,
1450 1614 1602 1715 telasque
1619 1614 1921 1718 gossypinasven·

563 1716 665 1789 dunt.
713 1716 839 1789 1nc01ae
858 1715 1015 1815 plerique
1031 1738 1136 1789 artem
1149 1716 1334 1799 textorianr
1346 1740 1526 1798 exercent,
1552 1719 1772 1791 attexendis
1787 1718 1921 1815 pannis,

562 1807 711 1910 telisque
725 1808 915 1912 gossypinis
930 1839 1071 1911 operam
1090 1831 1227 1887 navant.
1275 1816 1421 1887 Caeterae
1430 1834 1519 1886 artes
1536 1812 1797 1910 utplurimum
1814 1809 1919 1891 silent.

473 1966 482 1972 -
565 1915 660 1984 Inter
676 1913 827 2008 privatas
841 1904 1067 2009 publicasque
1085 1909 1179 1984 aedes
1195 1909 1364 1984 nunurae
1385 1903 1639 2009 magnificentia
1657 1911 1830 1984 eminent
1855 1914 1921 1984 lle·

565 2004 664 2080 rodis
678 2006 876 2090 Palatium,
902 2007 1004 2083 Pilati
1020 2008 1223 2082 Praetorium
1244 2051 1257 2088 ,
1282 2009 1526 2081 Saniaccorum
1550 2004 1657 2081 hodie
1679 2007 1920 2091 domicilium,

567 2102 838 2179 Xenodochium
865 2103 1082 2201 publicum,
1115 2105 1154 2177 &
1183 2103 1314 2176 Divitis
1342 2103 1504 2203 epulonis
1536 2100 1607 2195 (ut
1629 2099 1795 2196 vocant)
1822 2104 1920 2180 aedes.

564 2202 739 2275 Omnium
756 2226 839 2275 vero
864 2202 1078 2275 Meffitarum
1096 2204 1134 2274 ὅ(
1156 2198 1388 2298 Templorum
1416 2200 1731 2300 praestantissimum
1754 2201 1810 2276 est
1829 2201 1920 2275 Salo-

561 2302 702 2382 monis,
727 2320 804 2372 tum
823 2292 1095 2374 Praesentationis
1106 2299 1255 2379 Mariae,
1279 2319 1466 2397 utrumque
1483 2323 1504 2371 a
1522 2295 1779 2373 Mahometaeis
1797 2289 1920 2398 polles·

561 2390 667 2479 sum,
694 2396 926 2495 &plumbeis
947 2395 1086 2470 laminis
1107 2398 1249 2468 testum.
1300 2396 1368 2467 His
1390 2421 1462 2469 non
1491 2397 1669 2471 immerito
1699 2396 1791 2470 addi
1815 2391 1920 2511 potest

1483 1136 1588 1248 uippe
1608 1157 1744 1232 opere,
1765 1155 1923 1245 ‘atquee

431 2513 434 2518 ·
560 2490 743 2592 Sepulchri
767 2495 981 2577 Dominici,
1014 2488 1073 2565 seu
1093 2486 1394 2575 Resurreerionis,
1427 2494 1466 2566 bc
1483 2491 1726 2590 Golgothanae
1747 2518 1855 2595 rupis
1879 2491 1917 2566 ad

562 2589 774 2666 Christianos
793 2594 967 2691 pertinens
983 2585 1137 2663 Basilica.
1185 2593 1274 2662 Sunt
1290 2611 1453 2684 praeterea
1474 2591 1511 2663 δι
1533 2591 1600 2663 alia
1628 2590 1795 2690 Templa
1817 2590 1919 2665 haud·

563 2712 743 2787 quaquam
764 2685 1046 2768 contemnenda,
1082 2686 1246 2783 partima
1267 2682 1497 2769 Christianis,
1532 2688 1659 2785 partim
1679 2713 1704 2761 a
1730 2686 1919 2763 Mahome·

562 2788 669 2867 taeis,
702 2784 759 2858 vel
790 2784 926 2856 Mauris
947 2774 1112 2881 pollelsa3
1141 2806 1293 2879 quorum
1316 2781 1481 2881 pleraque
1506 2778 1606 2882 supra
1626 2788 1916 2860 memoravimus.

562 2880 692 2954 Incolae
707 2880 822 2952 Mauri
841 2880 909 2953 fere
920 2904 1063 2962 omnes,
1091 2876 1275 2953 Christiani
1291 2881 1415 2977 pauci,
1441 2882 1620 2979 pauciores
1634 2882 1804 2968 Hebraei,
1819 2906 1916 2982 quani

561 2979 643 3073 quis
654 2977 769 3062 credat
784 3002 796 3063 3
822 2979 1041 3051 Tuicaevero
1055 2974 1261 3076 paucissimi.
1312 2975 1494 3052 Christiani
1505 3001 1664 3053 montem
1684 2979 1833 3066 Gibon,
1845 3004 1917 3080 pro·

560 3069 743 3172 ximasque
765 3075 878 3147 monti
894 3071 1065 3152 Calvariae
1092 3075 1186 3149 aedes
1204 3069 1408 3147 inhabitant.
1459 3075 1601 3149 Hebraei
1626 3100 1771 3175 partem
1795 3081 1919 3154 moritis

560 3173 646 3246 Sion
665 3168 855 3245 incolunt:
880 3174 918 3244 T
917 3194 1030 3255 ureae,
1057 3170 1246 3269 Maurique
1264 3195 1327 3269 per
1347 3167 1537 3246 universam
1560 3169 1658 3272 sparsi
1673 3173 1825 3251 urbem.
1852 3180 1917 3251 lle·

561 3268 646 3343 braei
664 3265 907 3367 utplurimum
926 3279 1049 3440 egent,
1084 3270 1160 3342 imo
1179 3267 1388 3437 paqperrimi
1406 3263 1506 3352 sunt,
1533 3271 1705 3344 ditiorum
1720 3270 1816 3347 alibi
1828 3298 1915 3348 eorn-

561 3367 775 3441 morantium
806 3364 939 3439 eleemo
956 3369 1034 3465 ynjs
1060 3368 1178 3440 vivere
1214 3365 1345 3439 aucti.
1396 3367 1503 3464 Viget
1532 3391 1685 3465 namque
1716 3394 1738 3442 a
1766 3371 1824 3444 ud
1845 3369 1917 3446 illos

562 3465 708 3559 opinio,
726 3456 833 3540 ¹suum
852 3487 961 3562 quem
978 3460 1172 3562 exspectant
1187 3461 1368 3543 Melliain,
1393 3459 1593 3563 priusquam
1605 3468 1717 3539 Hiero
1756 3488 1847 3563 yirra
1856 3494 1916 3570 po·

560 3560 661 3631 tituri
679 3555 766 3643 snt,
793 3562 909 3664 ignem
929 3586 974 3634 ex
991 3553 1168 3657 inproviso
1188 3583 1208 3629 e
1224 3558 1315 3632 coelo
1335 3553 1555 3634 demillurum
1574 3607 1587 3645 ,
1613 3564 1652 3635 δι
1668 3561 1918 3641 flamriiisuni·

561 3651 694 3730 versam
712 3659 833 3732 urbem
848 3652 1128 3737 consumturum,
1154 3678 1242 3728 mox
1257 3655 1368 3727 imbre
1389 3649 1495 3730 effiiso
1517 3683 1574 3731 eas
1596 3656 1866 3748 exstitistumm,
1883 3683 1916 3738 nt

560 3750 609 3826 ab
636 3754 899 3835 immunditiis,
926 3751 964 3825 bc
981 3748 1201 3850 profanarum
1220 3752 1379 3850 gentium
1399 3799 1413 3836 ,
1438 3752 1713 3830 Christianorum
1733 3760 1915 3844 nimirum,

562 3849 602 3924 δι
621 3849 936 3924 Mahumetaeorum
956 3845 1022 3939 (ut
1039 3842 1100 3946 ipli
1119 3844 1410 3945 interpretantur)
1426 3850 1749 3927 abominationibus
1772 3901 1790 3940 ,
1816 3857 1916 3958 longa

411 4019 414 4036 ,
559 3942 774 4022 habitatione
793 3944 1001 4027 commissis,
1027 3944 1110 4017 urbs
1128 3939 1199 4041 ipsa
1216 3964 1272 4017 tot
1289 3945 1358 4032 jani
1377 3943 1499 4020 seculis
1518 3950 1722 4061 profanata,
1749 3973 1918 4068 totaprq.

559 4066 661 4157 gerur
671 4091 684 4126 ‚
710 4045 749 4114 δι
768 4041 999 4116 emundeturr
1026 4065 1135 4137 eaque
1151 4041 1196 4113 de
1211 4034 1320 4114 caussa
1341 4035 1416 4133 (uti
1440 4042 1661 4144 accepimus)
1678 4048 1777 4122 adeo
1791 4077 1913 4150 pauci,

559 4142 657 4236 rique
681 4136 917 4236 egentissimi,
945 4141 982 4211 δι
1001 4141 1165 4213 acaeteris
1187 4138 1344 4212 mercede
1366 4139 1554 4225 conducti,
1581 4144 1706 4217 urbem
1732 4169 1815 4222 tarn
1841 4148 1917 4225 hor·

557 4235 676 4310 rendae
694 4232 954 4332 conflagrationi
974 4232 1198 4335 (utputant)
1221 4237 1434 4321 obnoxiam,
1453 4240 1623 4316 incolunt,
1671 4239 1918 4323 Praesunturbi

516 4394 522 4407 ,
556 4329 693 4427 populo
745 4355 765 4401 e
788 4352 856 4403 tres
876 4328 1026 4445 supremi
1044 4332 1295 4434 Magistratus,
1321 4359 1428 4432 penes
1443 4359 1536 4512 quos
1555 4340 1719 4414 omnium
1741 4344 1784 4416 &
1799 4345 1917 4419 vita&

558 4448 688 4511 morse
789 4428 841 4507 'tr
864 4429 1427 4548 primissmiaccurappellatus,
1465 4458 1629 4516 uminum
1644 4436 1921 4543 diguirariupi·

1848 4561 1919 4619 cern
