4667 5442
639 483 715 580 Dii
752 483 895 579 Vitii
928 484 1196 602 Joiiiiuitis
1241 485 1527 584 Birrisrn.
1642 483 1784 615 '371
1894 504 1897 514 '

442 668 524 722 tunc
545 669 728 750 agentem,
754 645 956 750 superstite,
983 673 1092 753 regno
1113 656 1265 755 deniqne
1292 660 1427 756 potitus
1446 655 1504 731 est.
1556 655 1679 731 Invitis
1698 655 1788 728 adeo
1850 704 1853 709 -
1936 693 1952 750 ς

442 747 601 845 Judaeis,
626 770 667 821 ut
680 773 794 846 neque
812 750 935 833 minis,
963 775 1076 850 neque
1091 756 1297 836 tormentis,
1322 751 1434 852 subigi
1447 754 1642 851 potuerint,
1669 757 1788 825 utRe-
1845 761 1848 766 ’
1876 781 1899 826 .=

441 846 506 942 gio
526 845 705 919 Herodem
721 844 826 919 titulo
843 846 1066 944 dignarentur
1085 875 1096 922 t
1122 854 1402 949 partim-propter
1420 850 1590 923 humilem
1607 853 1645 923 &
1663 848 1784 968 plebe·

440 943 512 1029 jam
534 943 608 1028 ejus
620 944 813 1040 originem,
841 944 935 1018 eruar
952 944 1043 1014 iic&
1059 947 1215 1031 lbporiu'iic
1237 991 1249 1021 ,
1272 941 1322 1030 vl
1348 950 1429 1029 alise
1451 948 1579 1013 enorme
1600 992 1610 1021 ‚
1636 972 1685 1030 'Ul
1705 945 1785 1012 ino-
1868 1007 1872 1014 .

444 1032 569 1106 usin&
587 1038 648 1111 τοῖς
665 1041 849 1118 βασιλεῦσι,
875 1039 973 1137 quod
988 1039 1183 1138 frequenter
1203 1044 1234 1114 ei
1249 1040 1516 1138 exprobratum3
1540 1043 1666 1138 partim
1704 1065 1786 1138 rop-

441 1153 494 1204 tet
507 1130 681 1208 crudelem
700 1135 882 1219 indolem,
905 1138 1001 1227 cujus
1012 1161 1179 1235 perquam
1200 1139 1311 1211 multa
1329 1137 1544 1235 nefandaque
1569 1136 1649 1209 inde
1664 1067 1787 1209 abini-

442 1230 494 1300 tio
513 1229 662 1326 praebuit
685 1228 901 1328 specimina,
931 1252 1010 1306 toto
1040 1237 1136 1331 regni
1158 1229 1209 1305 sui
1234 1256 1392 1332 tempore
1411 1233 1652 1309 continuanda.
1703 1237 1786 1308 Erat

442 1327 558 1407 enini,
584 1323 738 1425 josepho
761 1326 870 1411 telle,
897 1333 1020 1441 quavis
1038 1355 1082 1401 eir
1094 1324 1201 1403 caulfa
1211 1331 1255 1403 ad
1267 1326 1477 1405 saeviendum
1490 1327 1785 1428 propcnfislimus3

442 1447 551 1518 quarn
571 1426 619 1496 ob
635 1450 708 1498 rem
731 1450 774 1497 ne
796 1424 840 1495 ab
858 1429 990 1498 intimis
1006 1425 1152 1524 quidem
1171 1429 1291 1501 amicis
1300 1422 1527 1526 sanguinarias
1543 1450 1664 1499 manus
1682 1425 1785 1500 absti-

442 1524 532 1591 nuit.
584 1526 685 1612 Quos
713 1546 757 1593 eir
778 1522 984 1620 propinquis
1005 1521 1122 1595 bellua
1149 1522 1208 1597 ista
1231 1548 1302 1597 non
1329 1524 1503 1596 interemit
1517 1520 1535 1592 3⁴
1556 1527 1680 1596 Socrus
1700 1524 1785 1596 Ale·

440 1615 596 1703 xandra3
621 1623 724 1691 Socer
742 1623 921 1717 Hyrcanus
932 1664 944 1701 ,
972 1615 1072 1701 suus,
1100 1641 1140 1691 ut
1158 1618 1282 1718 ipsein
1301 1618 1442 1717 epistola
1457 1620 1502 1691 ad
1517 1615 1691 1693 Persarum
1711 1624 1784 1691 Re·
1899 1622 1903 1625 ’

440 1734 524 1807 gem
548 1708 646 1818 falqu
662 1713 738 1795 est,
763 1716 854 1787 altor
880 1736 984 1812 atque
1005 1710 1179 1802 struatur,
1204 1714 1421 1789 Aristobulus
1447 1717 1586 1796 affinis,
1623 1716 1785 1789 Pontifex
1968 1738 1972 1745 ·

440 1810 649 1891 Maximus,
677 1807 907 1908 septendecim
932 1836 1100 1885 annorum
1118 1813 1284 1902 juvenis,
1320 1836 1476 1887 amotae
1504 1810 1636 1885 deliciae
1657 1812 1784 1912 populi

441 1904 581 2003 Judaici
599 1934 611 1994 3
635 1903 778 2006 ipsaque
793 1908 882 1980 adeo
900 1955 912 1991 ,
939 1931 978 1981 ut
995 1909 1038 1980 de
1056 1908 1133 1982 aliis
1151 1930 1404 1992 nunctaceam,
1432 1908 1641 1983 dilectissima
1653 1911 1784 2000 conjux

440 2004 656 2086 Mariamne,
683 2001 916 2078 formosissima
935 2008 973 2078 bc
990 2002 1231 2103 generosissimi
1251 2009 1356 2079 animi
1374 2008 1531 2103 Regina,
1559 2007 1720 2078 immanis
1738 2006 1783 2078 il·

440 2097 511 2170 lius
523 2100 738 2174 truculentiae
762 2098 970 2174 miserabiles
987 2105 1134 2175 vistimae
1147 2102 1295 2176 fuerunt.
1346 2103 1417 2176 Sub
1435 2105 1503 2176 hoc
1523 2123 1693 2198 tyranno,
1720 2104 1784 2199 qui

440 2197 714 2363 renppublicam,
741 2223 811 2270 non
829 2196 890 2271 nifi
900 2200 943 2271 ab
956 2199 1126 2298 indigenis
1139 2201 1353 2297 Principibus
1368 2197 1527 2271 hasienus
1538 2198 1783 2296 gubernatam,

440 2316 485 2389 pe
513 2316 573 2366 uin
590 2294 710 2377 dedit,
739 2298 775 2366 &
793 2319 947 2394 ereptum
968 2291 1261 2369 Aliamonaeorum
1288 2295 1428 2378 familiae
1456 2291 1720 2376 Pontificatum,
1746 2295 1784 2367 in

440 2387 531 2461 alios
542 2436 554 2473 ,
583 2416 675 2489 quos
697 2416 768 2464 non
788 2394 966 2488 oportuit,
994 2392 1154 2465 stelerate
1170 2392 1344 2475 contulit,
1369 2412 1533 2491 vergente
1553 2391 1596 2462 ad
1614 2387 1715 2463 finem
1729 2416 1786 2464 re·

438 2508 540 2585 gno,
568 2511 658 2560 anno
673 2486 817 2561 fortassis
832 2490 1027 2583 penultimo
1044 2534 1056 2571 ,
1083 2510 1271 2587 conceptus
1291 2512 1461 2587 natusque
1479 2485 1655 2587 Johannes
1674 2486 1785 2561 noster

442 2580 515 2665 est,
542 2587 615 2656 veri
626 2589 812 2682 aeternique
831 2588 938 2683 Regis
958 2611 995 2658 ac
1013 2586 1227 2668 Sacerdotis,
1254 2582 1438 2661 secundum
1450 2580 1784 2658 Melchisedechior·

439 2679 584 2764 dinem,
611 2685 792 2779 proximus
811 2680 944 2754 futurus
956 2682 1190 2763 anteambulo,
1241 2690 1280 2774 lii
1298 2706 1340 2754 eo
1363 2685 1455 2755 enini
1475 2704 1557 2755 tunc
1569 2704 1682 2753 reruni
1697 2679 1784 2754 llatii

440 2777 563 2877 Judaea
584 2802 675 2861 erat,
703 2804 808 2877 quem
820 2774 926 2874 prisca
941 2801 1059 2852 vatum
1079 2780 1216 2854 oracula
1232 2779 1504 2861 delineaverant,
1531 2776 1784 2850 utMessiaead-

438 2876 559 2947 ventui
580 2899 843 2974 opportunum:
870 2877 1047 2950 recedente
1062 2899 1082 2948 a
1095 2874 1189 2976 Juda
1209 2872 1370 2975 sceptro,
1397 2876 1609 2974 pollutoque
1628 2872 1784 2947 nefandis

439 2971 558 3045 modis
579 2970 796 3047 Pontificatu.

538 3075 585 3143 ΙΙ.
612 3078 766 3144 Parentes
785 3066 935 3167 Jolianni
954 3068 1091 3145 fuerunt
1105 3075 1341 3144 Zioriiiaiiis
1370 3072 1407 3142 &
1428 3074 1677 3150 Etisiiiiitii,
1705 3062 1831 3143 insi-11.
1852 3078 1934 3137 Pam
2018 3094 2022 3099 ·

435 3169 500 3268 gni
519 3163 699 3241 sanctitatis
714 3168 834 3266 elogio
852 3191 873 3237 a
891 3169 986 3239 Divo
1004 3172 1100 3241 Luca
1118 3166 1298 3240 honestati.
1348 3168 1403 3242 Ut
1421 3166 1612 3263 emphatica
1631 3153 1949 3249 filiisno·²⁴‘{²⁴'⁸’⁴3

438 3266 536 3337 mina
557 3266 799 3361 imponantur,
826 3263 909 3334 talia
926 3260 1111 3359 praesertim
1124 3262 1253 3358 quibus
1276 3262 1321 3331 ad
1341 3263 1477 3333 virtutis
1497 3261 1675 3342 studium,
1701 3250 1959 3365 liu-'gg'm'ss

436 3364 618 3457 minisque
641 3361 865 3435 excitarentur
876 3360 1008 3432 cultum
1025 3403 1036 3440 ,
1066 3360 1172 3431 moris
1190 3358 1322 3454 antiqui
1344 3353 1402 3429 est.
1455 3362 1510 3428 De
1531 3380 1575 3427 eo
1591 3377 1715 3452 genere
1736 3353 1833 3441 estria
1853 3403 1920 3439 rom.

434 3482 569 3534 nomen
598 3458 793 3541 Zachariae,
817 3456 954 3543 ⁰273,
980 3454 1081 3553 quod
1103 3452 1272 3527 Hebraico
1300 3474 1422 3533 notat,
1449 3457 1612 3526 Memento
1636 3454 1941 3527 Dominimendmae.

435 3558 621 3631 Nimirum
640 3554 775 3627 nullum
793 3553 839 3628 est
861 3554 1013 3627 officium
1032 3550 1100 3625 hoc
1112 3548 1188 3650 ipso
1206 3548 1451 3626 commendatu
1466 3550 1708 3647 inculcatuque
1724 3547 1782 3621 di·

1916 821 1952 870 ss

437 3656 565 3751 gnius,
592 3651 762 3751 quodque
782 3651 882 3752 plura
894 3652 931 3724 in
949 3646 983 3722 se
1000 3648 1250 3747 compleffltur.
1301 3650 1337 3721 Si
1357 3648 1437 3744 quis
1449 3646 1541 3719 enini
1554 3647 1712 3728 Domini,
1729 3647 1782 3722 uti

437 3774 502 3848 par
520 3748 598 3833 est,
623 3750 848 3831 meminerit,
876 3750 906 3822 is
925 3769 1090 3844 tanquam
1111 3752 1191 3818 Deo
1209 3742 1343 3818 testeae
1361 3742 1475 3836 judice
1499 3745 1615 3818 omnia
1635 3739 1693 3815 sua
1718 3766 1782 3843 pe·

437 3869 561 3945 raget,
589 3871 699 3945 eaque
718 3842 985 3920 consideratione
1008 3869 1079 3916 non
1096 3839 1289 3917 tevet'er'itet
1304 3838 1416 3916 solum
1434 3844 1581 3914 Divinas
1592 3865 1644 3915 res
1655 3845 1782 3914 trama

437 3944 514 4025 bit,
542 3942 600 4017 sed
626 3940 825 4017 &sollicite
844 3940 905 4014 fibi
925 3941 1059 4016 cavebit
1080 3941 1122 4012 ab
1142 3940 1238 4012 omni
1257 3962 1299 4009 eo
1321 3937 1420 4035 quod
1439 3934 1660 4011 inhonestum
1673 3959 1780 4105 atque

435 4041 600 4115 illicitum
621 4038 697 4127 est3
722 4041 761 4112 &
779 4040 920 4137 optimis
941 4037 1140 4136 quibusque
1155 4035 1258 4109 rebus
1276 4030 1409 4107 sumnia
1427 4059 1507 4109 cuni
1518 4029 1703 4109 sinceritate
1742 4061 1781 4108 a·

435 4138 492 4211 bit
511 4162 675 4239 operam,
702 4135 914 4234 habebitque
959 4154 1039 4207 uem
1057 4132 1114 4205 vel
1134 4154 1174 4205 ut
1197 4130 1280 4205 mali
1298 4131 1473 4204 vindicem
1484 4153 1673 4205 revereatur
1684 4177 1695 4214 ,
1722 4131 1781 4206 vel

435 4259 478 4310 ut
496 4234 581 4309 boni
600 4257 892 4310 remuneratorem
902 4256 942 4303 co
977 4255 1005 4305 t.
1054 4235 1131 4305 Nec
1140 4222 1265 4303 cassum
1278 4229 1529 4301 ominenomen
1541 4229 1575 4300 in
1584 4226 1700 4302 nollro
1710 4234 1783 4304 Za·

437 4332 552 4406 charia
568 4333 657 4406 fuit:
683 4334 747 4430 qui
762 4329 857 4403 illius
875 4327 1097 4402 meditatione
1115 4327 1307 4405 excitatus,
1333 4325 1412 4436 pios
1428 4346 1583 4424 parentes
1608 4319 1687 4396 suos
1704 4325 1781 4396 voti

434 4429 617 4512 damnares
634 4427 738 4510 fecit,
765 4451 803 4502 ac
817 4422 964 4499 sublime
983 4422 1074 4503 iliud
1083 4416 1268 4500 sanstitatis
1278 4419 1450 4523 fastigium
1460 4415 1631 4501 assecutus-
1644 4418 1714 4500 est,
1734 4418 1781 4488 de

433 4551 513 4625 quo
532 4551 619 4608 mox
635 4526 737 4631 plura
747 4523 942 4610 audiemus,
1216 4522 1313 4597 fiae
1335 4541 1361 4601 2
1620 4522 1685 4596 111.
1700 4518 1782 4598 Οτι,
