4667 5442
2757 635 2766 642 .

1333 769 1487 865 DE
1562 769 2169 863 PRAESTANT.
2244 767 2620 859 Vssmr.
2697 765 3092 859 Eune.
3423 764 3624 889 697

896 929 1097 1006 hi
1110 929 1527 1020 virtutibus,
1572 955 1581 962 ·
1636 959 1757 1012 uas
1792 955 2029 1012 natura
2061 925 2333 1011 eonstist
2360 931 2694 1008 duntaxat
2723 933 2824 1008 δε-
2881 929 3362 1007 uodammodo
3385 931 3617 1018 docet,

906 1049 1001 1104 at
1024 1023 1481 1128 Evangelium
1524 961 1830 1107 distinae
1854 1055 2061 1132 atque
2097 1029 2475 1129 plenislime
2497 1073 2520 1112 ‚
2575 1030 2796 1105 admit
2883 1029 3050 1106 ilem
3079 1029 3272 1104 illam
3291 1033 3624 1107 Oecono-

886 1122 1147 1222 *im
1186 1127 1397 1200 trium
1422 1130 1493 1200 in
1540 1153 1676 1201 una
1709 1131 1983 1202 Deitate
2019 1124 2456 1226 personarum
2495 1129 2828 1202 attentius
2847 1126 3266 1220 meditatum
3317 1148 3395 1199 ut
3429 1128 3502 1200 in
3525 1125 3620 1201 fa-

904 1219 1033 1296 fl'e
1064 1223 1303 1294 aeterni
1334 1225 1549 1297 Patris
1574 1222 1882 1299 immenfi
1916 1248 2075 1323 erga
2110 1221 2175 1297 se
2217 1224 2474 1296 amoris
2508 1225 2838 1319 pietatem
2877 1243 3102 1298 cernat
3123 1269 3146 1305 ‚
3201 1223 3272 1296 in
3301 1221 3468 1296 facie
3499 1249 3624 1296 co-

904 1318 1167 1392 eterni
1216 1315 1375 1390 Filii
1429 1314 1837 1395 sanaiffimae
1898 1319 2293 1401 φιλαδὶλφίας
2349 1323 2751 1394 comitatem
2798 1349 2818 1396 ε
2889 1322 2960 1392 in
3008 1320 3270 1392 lumine
3324 1320 3617 1416 Spiritus

922 1413 1151 1488 Sanai
1176 1413 1532 1487 vinculum
1574 1413 1709 1492 suae
1740 1442 1897 1491 cum
1932 1423 2092 1490 Deo
2124 1417 2401 1488 unionis
2434 1441 2456 1502 3
2507 1438 2667 1490 tunc
2689 1416 2883 1490 lubet
2901 1416 3319 1496 exclamare,
3376 1416 3615 1486 Inveni

908 1527 999 1584 τε
1036 1533 1087 1582 o
1122 1531 1326 1606 rupes
1350 1509 1649 1595 Salutis,
1705 1539 1750 1586 o
1772 1518 1967 1588 Deus
2002 1511 2402 1610 pleniffimae
2456 1507 2929 1586 exsultationis
2959 1537 3153 1586 meae.
3259 1513 3498 1584 Inveni
3541 1513 3618 1584 δε

914 1600 1227 1778 ffisco
1266 1627 1335 1678 te
1362 1651 1384 1688 ,
1439 1631 1650 1705 quem
1685 1611 1995 1708 reliquus
2032 1607 2331 1683 mundus
2367 1611 2640 1707 ignorat
2667 1655 2696 1692 ,
2729 1612 2824 1682 ,δι
2859 1605 3317 1706 sapientissimi
3364 1627 3617 1680 morta„

1132 1698 1577 1779 Athenienses
1620 1719 2037 1774 ΑΓΝΩΣΤΟΝ
2078 1700 2197 1778 fibi
2234 1698 2360 1778 effe
2405 1705 2810 1779 fatebantur.
2912 1708 3009 1778 Ea
3053 1727 3230 1777 nunc
3273 1703 3361 1775 de
3385 1725 3453 1776 te
3475 1698 3613 1776 scio

920 1799 1003 1872 δε
1036 1797 1109 1872 in
1143 1817 1219 1910 ξε
1236 1796 1533 1898 agnosco
1559 1825 1719 1899 quae
1741 1826 2017 1873 omnem
2044 1797 2420 1875 sermonem
2442 1848 2465 1884 ‚
2522 1801 2936 1874 intellectum
2960 1825 3237 1874 omnem
3260 1796 3607 1898 superant:
3753 1865 3758 1870 .

912 1893 3612 2093 22²2.-ffissffifflf'issiisin⁶3⁵‘352221352isinfssinffiffissuiaffi‘sssffissil

875 2083 895 2094 ”
920 2087 1057 2162 bus
1076 2129 1103 2170 ,
1156 2085 1499 2164 distinctus
1516 2136 1539 2172 ‚
1581 2088 1766 2164 solus
1786 2040 2055 2162 ho'mini
2080 2090 2170 2162 ad
2188 2087 2478 2164 salutem
2509 2088 2777 2166 sufficis.
2874 2088 3172 2178 Quando
3195 2114 3361 2161 vero
3383 2083 3610 2186 ipsum

908 2181 1105 2266 Μ
1140 2177 1374 2258 salutis
1402 2209 1581 2283 opus
1610 2187 1823 2259 menti
1869 2182 2303 2269 obversatur,
2357 2186 2518 2261 inde
2557 2188 2646 2259 ab
2681 2207 2937 2260 aeterno
2972 2188 3107 2260 Dei
3141 2181 3420 2259 confilio
3509 2208 3608 2257 uo

916 2275 1305 2356 nniversam
1340 2280 1532 2356 illius
1564 2286 1901 2358 rationem
1933 2281 2346 2355 deformavit
2365 2329 2390 2368 ,
2433 2278 2643 2378 usque
2666 2283 2753 2356 ad
2775 2284 3248 2357 executionem
3267 2305 3388 2379 per
3410 2210 3613 2354 C‘iiri-

910 2373 1101 2452 -stum
1122 2419 1147 2458 ‚
1201 2380 1274 2449 &
1295 2378 1823 2490 applicationem
1858 2402 1983 2478 per
2006 2383 2569 2454 Sacro-Sanctum
2605 2381 2983 2477 Spiritum3
3033 2379 3414 2476 praeprimis
3437 2372 3608 2449 fiin-

902 2469 969 2550 ·s
1182 2479 1395 2547 Patris
1439 2475 1839 2549 testamento
1876 2474 2072 2550 suum
2109 2500 2399 2574 quoque
2431 2500 2683 2548 nomen
2714 2479 2889 2549 inter
2925 2474 3207 2549 heredes
3229 2472 3611 2571 deprehen-

922 2567 2417 2742 ehaiitfiffi‘b‘ffi‘iffissffiffiffibfflussfieffi
2458 2577 2550 2670 ⁸⁹
2552 2574 2717 2741 iii?
2726 2574 2858 2739 ui?-
2886 2564 3575 2764 ¹{l321‘ffim12‘ssi‘33
3576 2615 3609 2726 ἰ

920 2761 1099 2838 dum
1140 2765 1370 2861 impos
1418 2765 1489 2837 in
1524 2754 1787 2838 excessu
1818 2764 1944 2838 isto
1981 2760 2350 2861 spiritualis
2406 2691 2668 2838 laegiitiae
2748 2717 3135 2864 yniphatur.
3229 2693 3454 2856 {ujus
3487 2759 3607 2838 vel

922 2861 1211 2934 minima
1241 2861 1554 2961 guttula,
1609 2858 1950 2934 anhelanti
1984 2858 2300 2935 instillata
2328 2863 2482 2945 ori,
2552 2864 2889 2936 maximas
2929 2859 3371 2960 aegritudines
3407 2858 3606 2934 facile

920 2952 1243 3056 dispellet
1263 3003 1289 3040 ‚
1343 2958 1773 3031 amariffimas
1791 2956 2277 3032 amaritudines
2297 2957 2654 3032 edulcorat
2673 3005 2696 3041 ‚
2753 2957 2826 3032 δι
2856 2958 2944 3031 ad
2965 2957 3379 3031 acerbiss'ima
3405 2979 3604 3055 quae-

924 3077 1066 3154 que
1101 3076 1232 3152 pro
1267 3060 1425 3127 Deo
1454 3053 1869 3153 Christoque
1901 3054 2208 3129 alacriter
2230 3077 2440 3153 atque
2473 3055 2810 3153 intrepide
2849 3050 3197 3128 subeunda
3232 3053 3608 3129 vehemen-

922 3152 1332 3226 teranimat.
1430 3154 1604 3226 Haec
1634 3151 1757 3226 illa
1788 3151 1880 3227 est
1915 3153 2257 3227 interioris
2287 3153 2526 3252 gaudii
2555 3149 2884 3227 immensa
2907 3151 3196 3226 suavitas
3219 3199 3242 3236 ,
3295 3177 3452 3247 quae
3491 3151 3598 3224 la-

930 3247 1130 3348 pides
1169 3248 1489 3322 torrentis
1522 3247 1759 3323 dulces
1794 3249 1952 3326 fecit
2002 3247 2354 3348 Stephano
2395 3296 2418 3333 ,
2473 3276 2741 3324 crucem
2794 3251 3086 3323 Andreae
3125 3294 3148 3331 ,
3215 3248 3600 3323 violentam

916 3345 1123 3444 pellis
1160 3342 1646 3420 detractionem
1677 3345 2195 3420 Bartholomaeo
2217 3389 2241 3428 ‚
2293 3346 2681 3421 craticulam
2711 3345 3086 3418 Laurentio
3112 3389 3135 3426 ,
3189 3346 3442 3454 virgas,
3469 3366 3603 3442 un-

908 3441 1122 3614 mnas
1156 3485 1181 3524 ‚
1237 3440 1573 3535 equuleos
1603 3483 1628 3522 ‚
1679 3461 1907 3523 rotas,
1958 3439 2273 3514 flammas
2303 3483 2328 3520 ,
2387 3464 2468 3512 ut
2500 3440 2588 3511 de
2634 3440 3008 3514 carceribus
3036 3441 3107 3511 δε
3151 3438 3381 3510 exiliis
3422 3435 3602 3512 nihil

976 3539 1149 3615 'cam
1176 3579 1199 3617 ‚
1253 3556 1363 3606 tot
1396 3532 1817 3632 myriadibus
1837 3534 2390 3608 sanstiffimorum
2413 3537 2547 3606 Dei
2568 3555 2941 3632 martyrum
2961 3580 2982 3615 ,
3025 3535 3226 3616 viris,
3271 3533 3599 3614 foeminis,

970 3634 1159 3707 ueris
1196 3631 1400 3703 etiam
1424 3624 1863 3726 innuptisque
1898 3628 2147 3727 puellis
2183 3681 2206 3710 ,
2251 3631 2376 3726 qui
2417 3628 2780 3702 dulcedine
2816 3627 2936 3704 hac
2983 3627 3338 3727 Evangelii
3380 3627 3466 3701 de
3515 3652 3602 3699 u·-

898 3659 1087 3820 ssata
1115 3771 1142 3812 ,
1195 3725 1283 3798 ad
1320 3726 1794 3800 immanissima
1829 3747 2168 3800 tormenta
2204 3771 2229 3808 ‚
2278 3745 2608 3840 tanquam
2639 3725 3135 3800 adlautiffimas
3167 3723 3444 3825 epulas,
3505 3749 3600 3800 ε-

914 3829 975 3904 ti
1012 3820 1372 3904 cantantes
1404 3847 1491 3895 ue
1531 3822 1995 3908 ducebantur,
2047 3825 2217 3900 &in
2242 3821 2494 3898 mediis
2525 3822 2932 3898 cruciatibus
2959 3869 2980 3906 ,
3037 3826 3198 3895 Deo
3241 3821 3467 3920 pleni,
3521 3823 3599 3899 δε

922 3918 1116 4024 quafi
1145 3942 1333 3997 extra
1354 3847 1687 3996 dolorum
1726 3915 1989 3996 sensum
2025 3915 2227 4021 politi
2246 3967 2271 4006 ,
2324 3913 2839 3998 seviss'unorum
2863 3941 3310 4020 tyrannorum
3333 3913 3599 3996 carnifi-

918 4043 1222 4119 eumque
1258 4016 1731 4094 crudelitatem
1771 4013 2197 4094 laffaverunt.

958 4167 967 4180 -
1117 4124 1372 4215 Neque
1405 4135 1637 4190 tamen
1676 4115 2123 4191 metuendum
2166 4115 2492 4215 cuiquam
2527 4111 2623 4190 est
2644 4161 2669 4199 ‚
2724 4139 2806 4188 ne
2825 4114 2900 4188 in
2920 4106 3185 4188 excess'u
3205 4110 3408 4206 huius
3423 4133 3596 4213 gau-

920 4213 1027 4290 dii
1060 4236 1295 4314 peecet
1328 4258 1352 4296 ‚
1480 4233 1651 4286 uum
1682 4215 1873 4287 Deus
1913 4207 2055 4312 ipse
2092 4236 2234 4288 non
2267 4213 2359 4287 ad
2397 4211 2808 4288 hilaritatem
2845 4231 3112 4286 tantum
3147 4255 3170 4295 ,
3242 4207 3360 4285 sed
3391 4213 3468 4286 δε
3508 4211 3596 4287 ad

916 4307 1211 4388 {¹⁸an
1244 4332 1429 4411 quan
1522 4333 1593 4384 m
1620 4335 1691 4382 m
1744 4306 2109 4408 sticamque
2144 4308 2546 4386 ebrietatem
2579 4309 2845 4384 invitet.
2945 4312 3114 4398 Quo
3159 4309 3316 4408 quis
3339 4306 3426 4381 de
3458 4303 3596 4410 spi.

922 4406 1159 4486 rituali
1184 4405 1321 4482 hoc
1358 4412 1619 4482 nestase
1648 4333 1927 4484 uberius
1946 4401 2175 4482 -haufit
2197 4450 2224 4491 2
2274 4405 2440 4482 licet
2473 4403 2628 4480 aliis
2668 4405 3066 4482 deliciarum
3100 4401 3376 4482 istarum
3395 4406 3594 4505 igna-

920 4505 1021 4580 ri·
1052 4497 1337 4580 insanire
1364 4504 1679 4580 videatur
1704 4549 1729 4588 ,
1782 4525 1869 4576 eo
1904 4525 2135 4580 tamen
2174 4507 2251 4579 &
2282 4499 2648 4600 sapientior
2672 4505 2748 4578 Bc
2769 4495 3056 4596 sanctior
3087 4497 3208 4580 est.
3307 4509 3388 4580 In
3419 4502 3598 4575 vino

914 4619 1263 4712 corporeo
1284 4591 1555 4698 spirims
1579 4596 1735 4677 sunt
1750 4643 1775 4682 ,
1830 4602 1953 4698 qui
1974 4621 2344 4698 corporeos
2361 4593 2634 4698 spiritus
2655 4593 3030 4674 exhilarant
3049 4625 3070 4678 e
3121 4594 3238 4675 sed
3255 4598 3378 4672 ubi
3408 4593 3590 4687 justo

910 4687 1263 4876 ωριοξω
1288 4691 1549 4874 bilbitur
1564 4743 1593 4790 5
1644 4693 1875 4776 παῖδας
1906 4693 2257 4780 cerebrum
2274 4739 2301 4783 ‚
2332 4691 2712 4866 ssinssnire
2733 4691 2894 4780 fosi:
2907 4689 3268 4801 apicum
3365 4697 3464 4770 At
3483 4689 3594 4762 vi-

1174 4815 1293 4876 m
2431 4812 2462 4871 t
2499 4811 2530 4870 t
2553 4811 2586 4872 t
3431 4807 3604 4878 nun
