4667 5442
481 515 558 595 74·
965 486 1366 565 orssrrtrnrro.

479 682 571 755 Cum
582 700 623 751 eo
640 669 1134 754 conserebatDeuuxxx1.r6.
1151 676 1261 780 ’(ἸΝιἹ
1285 674 1356 740 Ὃ]
1374 661 1469 738 anve
1483 669 1544 741 Dii
1555 673 1660 743 aliene
1678 690 1858 774 tetreque

481 776 640 854 vocabula
655 779 792 847 totidem
810 772 931 845 valent.
981 777 1032 846 Ut
1050 781 1083 844 δι
1098 768 1231 845 ieorfim
1248 791 1369 840 nomen
1381 775 1477 855 1¹⁹²,
1500 778 1593 865 cujus
1612 769 1736 844 litterae
1750 775 1856 849 valent

483 888 573 977 3¹⁶·
598 871 788 950 conferebat
804 897 883 946 cum
903 868 1133 948 vecibusm
1152 849 1271 947 em,
1294 892 1368 963 quae
1392 869 1533 940 eundem
1554 894 1740 944 numerum
1758 878 1855 948 conti·

480 999 575 1054 nent.
625 976 679 1045 Sic
699 969 839 1043 initalia
862 970 966 1067 judaei
984 971 1025 1041 de
1042 966 1175 1041 Christo
1201 965 1399 1064 loquuntur,
1422 975 1458 1039 dt
1478 964 1571 1043 silent
1589 974 1769 1068 pravitatis
1784 978 1854 1048 He·

481 1082 590 1156 tetictc
607 1070 826 1173 inquisitores,
877 1072 977 1170 Quod
992 1066 1014 1141 sr
1027 1074 1101 1166 quis
1109 1070 1144 1138 in
1158 1069 1280 1161 Papam
1296 1069 1442 1147 auderet,
1458 1066 1703 1143 immaniffimte
1721 1069 1853 1145 flamme

485 1189 521 1257 dt
538 1173 836 1251 Nebucadnetzarie
855 1168 968 1243 fornax
988 1170 1151 1266 expiando
1166 1170 1299 1237 crimini
1311 1187 1367 1238 aut
1383 1164 1531 1241 satiandae
1554 1169 1716 1243 vindiskae
1734 1169 1851 1244 virinf-

484 1277 633 1353 ficerent.
686 1277 766 1344 Haec
781 1267 930 1353 exhibui,
961 1290 997 1342 ut
1010 1268 1138 1367 gustum
1154 1264 1359 1337 Theoreticae
1376 1263 1533 1340 Cabbalae
1544 1267 1753 1368 praeberem.
1778 1270 1846 1345 Plu·

485 1402 523 1451 ra
536 1370 662 1452 fortasse
682 1368 831 1470 exempla
847 1369 1003 1466 deinceps
1021 1368 1127 1438 danda
1148 1386 1261 1438 erunt.

583 1550 642 1627 Vl.
670 1549 779 1624 Restat
796 1566 832 1621 ut
852 1549 894 1621 de
909 1548 1052 1621 Praaica
1071 1542 1218 1619 Cabbala
1234 1549 1299 1640 jam
1323 1546 1468 1619 dicamus
1486 1543 1625 1642 aliquid.
1679 1554 1728 1625 Ea
1744 1553 1848 1647 estJn.

488 1657 631 1731 deorum
646 1649 716 1723 talia
731 1644 887 1728 scientia,
911 1671 1051 1817 quasa
1062 1642 1183 1718 interae
1198 1642 1365 1741 aliquae&
1380 1646 1585 1742 quarundam
1603 1673 1845 1727 vocumoemm

488 1754 786 1856 pronuntiationem
800 1745 962 1818 mirabilia

488 1847 762 2021 consencierunt,
778 1843 931 1943 aliosque
943 1843 1015 1944 plut

994 1771 1012 1818 e
1051 1765 1154 1817 attare
1178 1740 1264 1842 posse
1282 1764 1410 1845 putant.
1463 1747 1565 1817 Deea
1584 1750 1738 1849 integros
1758 1752 1845 1828 libror

1016 1770 1090 1917 ibus
1102 1841 1258 1941 exemplis
1274 1868 1312 1917 ac
1339 1842 1608 1919 instrudbionibue
1624 1850 1844 1949 repleverunt,

490 1955 532 2026 de
550 1954 608 2049 qui
634 1948 788 2021 urvideti
808 1946 912 2044 potest
924 1944 1069 2033 Buxtnfii
1093 1944 1282 2018 Bibliotheca.
1333 1946 1408 2015 Hac
1435 1942 1570 2019 morbae
1586 1944 1624 2021 se
1645 1947 1844 2053 curatepoffi

379 2053 382 2058 ’
488 2052 624 2149 jabbant,
645 2046 761 2121 litteris
774 2044 970 2143 quibusdam
988 2064 1076 2116 certo
1084 2046 1226 2141 quodam
1241 2043 1341 2116 modo
1354 2037 1563 2144 conscriptis,
1581 2052 1847 2149 iisquepmamy·

489 2148 556 2226 leto
571 2150 611 2221 ad
629 2144 748 2222 collum
763 2143 884 2217 alibive
897 2139 1065 2241 suspensis.
1117 2142 1241 2215 Eodem
1261 2142 1432 2240 modoquo
1447 2143 1616 2220 Pontificii
1632 2154 1676 2222 de
1683 2149 1847 2251 Evungel'ue

489 2248 671 2347 Johauuie,
683 2254 718 2322 &
733 2248 830 2318 certis
843 2241 1039 2341 quibusdam
1052 2238 1240 2314 nominibus
1255 2237 1436 2315 sanbbotum
1456 2238 1689 2322 sanctarumve
1705 2250 1845 2326 delirant.

429 2363 434 2370 '
489 2353 545 2424 De
561 2373 628 2445 quo
642 2368 751 2421 tamen
765 2342 976 2417 reformando
996 2346 1031 2414 in
1044 2340 1114 2441 ipso
1128 2339 1283 2415 Concilio
1292 2343 1493 2415 Tridentino
1509 2347 1625 2421 ιᾶυιη
1644 2346 1729 2442 fuit,
1746 2349 1846 2450 plerie·

491 2474 559 2547 qne
570 2452 704 2519 Pattum
716 2440 924 2518 censentibus
938 2439 1007 2515 haec
1022 2445 1156 2523 omnia,
1180 2462 1335 2539 tanquam
1356 2466 1466 2514 retum
1482 2439 1650 2522 sacratum
1666 2453 1783 2551 impios
1794 2448 1843 2524 ab·

494 2545 650 2628 usunnou
665 2545 849 2617 damnanda
861 2542 962 2616 modo
978 2550 1014 2615 δι
1028 2544 1166 2614 vetanda
1177 2538 1231 2613 sed
1242 2550 1276 2615 dc
1293 2538 1444 2614 severiter
1458 2543 1648 2645 castiganda
1667 2551 1743 2627 elle.
1768 2554 1844 2623 lieet

493 2670 563 2720 non
580 2640 723 2716 deessent
735 2646 796 2739 qui
810 2661 921 2715 contra
937 2639 1144 2732 discretam,
1169 2651 1206 2715 dc
1220 2664 1294 2738 quae
1305 2639 1355 2711 illi
1370 2639 1458 2716 velut
1467 2644 1571 2743 impia
1584 2673 1624 2722 ac
1640 2645 1841 2750 superstitiosa
1862 2671 1867 2683 ·

496 2739 714 2829 damnabant,
740 2740 861 2813 horum
878 2740 1028 2836 quaedam
1050 2765 1117 2811 non
1140 2736 1321 2814 tolerabilia
1336 2736 1462 2824 solum,
1479 2748 1687 2847 minimeque
1702 2752 1845 2824 damnan-

495 2843 558 2925 da‚
576 2838 629 2910 sed
646 2836 753 2920 licita,
777 2840 856 2935 pia.
875 2861 912 2908 ac
926 2834 1072 2935 religiosa
1082 2842 1326 2913 contenderent.
1376 2845 1438 2915 Uti
1455 2841 1597 2919 refertur
1607 2853 1640 2918 r‘n
1657 2847 1745 2922 illius
1761 2854 1843 2927 Con·

492 2937 560 3015 eiiii
578 2936 722 3010 Historia
747 2961 782 3035 p.
801 2957 884 3024 ¹41·
911 2937 997 3010 Edit.
1025 2938 1153 3014 Novils.
1206 2940 1298 3014 Adeo
1324 2938 1499 3039 profundas
1526 2948 1643 3017 radicet
1665 2947 1844 3021 malesuada

310 3098 319 3117 ,
360 3073 363 3078 ·
493 3037 676 3138 superstitio
692 3039 729 3105 in
740 3033 1046 3109 multonrmanimit
1062 3042 1149 3136 egit,
1175 3043 1343 3139 utuptima
1360 3042 1686 3143 acneceisrriaquam
1702 3052 1844 3120 maxime

493 3137 670 3237 impediri,
716 3159 791 3208 uam
807 3135 928 3234 pellem
943 3133 1027 3208 banc
1037 3138 1132 3210 evelli
1142 3137 1268 3211 malint.
1323 3139 1447 3213 Similis
1464 3141 1514 3214 his
1530 3149 1626 3244 nugis
1634 3145 1841 3244 Praffttajn·

494 3241 639 3313 dacorum
655 3237 706 3310 Ca
731 3232 803 3306 bala
824 3232 886 3315 est,
908 3234 999 3308 unde
1024 3232 1161 3311 fortassis
1182 3241 1345 3336 originem
1365 3236 1454 3312 suam
1475 3244 1610 3319 duxere.
1667 3249 1746 3322 Hoc
1760 3240 1842 3320 sensu

493 3335 572 3410 Baal
590 3332 701 3409 druch
724 3329 903 3406 Cabbalam
916 3355 1026 3414 vocat,
1050 3340 1284 3432 alligamentum,
1307 3343 1481 3424 amalorum,
1503 3346 1676 3437 pittacium.
1729 3343 1842 3421 Hacse

494 3436 530 3506 in
544 3432 640 3506 aliam
656 3429 699 3505 ab
709 3431 851 3505 humana
878 3428 984 3531 specie
1002 3430 1145 3533 effigiem
1168 3440 1287 3510 mutari
1312 3436 1398 3537 posse
1422 3464 1566 3517 narrant.
1619 3450 1698 3520 Hae
1718 3444 1840 3521 celebria

493 3533 646 3606 Ramban
659 3534 790 3612 navim,
814 3555 914 3628 quam
931 3530 1021 3605 nulla
1036 3560 1118 3633 pene
1135 3535 1276 3609 bumana
1287 3542 1378 3609 visin
1389 3564 1478 3613 mare
1493 3545 1657 3620 deducere
1669 3550 1757 3646 potis
1773 3567 1837 3633 etat,

494 3629 582 3707 sacili
595 3633 728 3731 negotio
741 3633 929 3727 juramentis
943 3631 1141 3729 quibusdam
1165 3633 1318 3709 adhibitis
1333 3640 1373 3710 ad
1393 3636 1620 3740 sepertraxit.
1672 3646 1837 3721 Plurimum

495 3731 558 3805 hac
576 3734 611 3802 in
629 3755 664 3802 re
680 3728 765 3804 valet
778 3728 936 3803 secretum
959 3734 1119 3803 varona
1135 3736 1196 3801 niv
1217 3736 1258 3809 de
1270 3761 1339 3834 quo
1349 3740 1496 3814 videatur
1513 3743 1653 3819 [utheri
1668 3745 1837 3828 libellam&

496 3820 867 3919 Buatofiitlexissill.
885 3831 929 3902 ed
937 3851 1037 3902 votem
1050 3834 1137 3919 nin,
1170 3852 1206 3905 er
1216 3840 1438 3931 cujusnam
1456 3848 1838 3948 pronunciationeupao

496 3923 632 4000 cissimis
644 3946 774 4010 notam,
798 3923 907 4001 Moser
926 3924 991 4001 scil.
1004 3932 1115 4003 omnia
1129 3859 1185 4006 sia
1200 3934 1354 4010 miracula
1372 3930 1525 4036 patravit.
1580 3946 1691 4043 Cujus
1702 3941 1836 4049 “petitam

494 4022 586 4122 fuisse
595 4022 707 4097 volunt
722 4029 770 4097 D.
782 4019 910 4122 Jesum,
925 4030 983 4125 qui
999 4027 1062 4102 hoc
1077 4029 1147 4130 ipso
1162 4034 1272 4107 medio
1299 4056 1462 4111 tantorum
1478 4042 1719 4121 miraculorum
1739 4044 1836 4120 totbo·

495 4117 616 4208 rcmse
636 4124 710 4194 Deo
731 4122 985 4224 hominibusque
1007 4127 1170 4226 probavit.
1227 4133 1421 4210 Audivimus
1444 4142 1583 4240 quidem
1597 4142 1699 4247 supra
1726 4145 1834 4222 Saluta

495 4220 580 4302 zebi
598 4219 632 4291 id
643 4243 827 4319 negantem.
875 4227 937 4299 Sed
959 4222 1086 4302 frustra.
1138 4233 1205 4303 Res
1227 4233 1273 4305 est
1291 4258 1329 4305 ex
1348 4235 1512 4312 Talmude
1529 4240 1630 4319 clara.
1687 4247 1742 4321 Int

493 4316 695 4400 ubedam&
714 4319 985 4402 Talmudrtmm
1007 4326 1109 4405 verba
1124 4327 1259 4408 exhibet
1277 4332 1427 4413 Buxtors.
1443 4334 1507 4415 loc.
1522 4344 1582 4418 cit.
1638 4347 1735 4423 Huic
1805 4347 1811 4359 ⁶

1800 4438 1832 4516 d
