4667 5442
638 375 649 428 t'

578 499 678 634 326
753 448 1533 591 'Exun'crr'nrro
1588 493 1711 590 Xlll.

572 660 670 732 dant:
694 663 914 746 convertendos
932 641 1099 755 AEgyptios
1115 652 1173 747 effla
1184 659 1226 727 ad
1242 656 1425 746 jehovam,
1450 660 1505 753 qni
1525 679 1676 730 exorante
1690 649 1920 746 fiananroafit

572 753 676 850 ipsos:
702 758 833 852 deniqne
844 751 993 845 futorum
1010 749 1068 843 effe
1087 747 1138 826 'reti
1158 750 1244 825 arcae
1267 759 1380 832 Dent,
1406 752 1589 825 Benediiiao
1605 757 1650 843 fit
1669 754 1806 846 populat
1832 773 1922 824 mere

425 920 428 925 .
472 900 474 903 -
572 856 755 948 AEmtim.
780 847 847 948 Jes.
866 875 963 925 xlx:
991 859 1046 927 18.
1070 844 1210 945 &seqil
1243 853 1287 919 Et
1307 851 1394 946 quid
1422 847 1575 920 multis?
1610 848 1711 922 Nihil
1738 850 1857 921 fastius
1883 850 1921 918 &

573 945 697 1020 certius
710 945 785 1028 ist,
814 972 920 1044 quam
937 949 973 1019 in
985 952 1122 1044 AEgypto
1137 967 1324 1040 caeteraque
1340 946 1458 1032 Ariica·
1468 943 1646 1027 universa,
1675 948 1709 1017 in
1724 946 1920 1016 ditionibus

572 1042 763 1138 Tyriorum,
789 1047 984 1117 Sidoniorum
996 1096 1006 1134 2
1036 1048 1072 1115 ὃ(
1092 1037 1227 1129 infirll'tll
1248 1063 1411 1113 terrarum
1431 1042 1474 1110 ad
1496 1043 1608 1113 chami
1626 1043 1826 1137 portionem
1843 1065 1920 1135 per·

538 1171 544 1186 =
572 1140 757 1212 tinentium
776 1144 904 1220 teatin,
932 1138 1179 1211 florentillrmas
1193 1128 1286 1207 fuisse
1303 1135 1478 1210 Ecclefias.
1538 1136 1664 1217 Adde,
1684 1136 1769 1209 tales
1783 1140 1821 1209 in
1845 1131 1917 1233 ipsa

572 1259 651 1308 cum
671 1238 820 1309 maxime
842 1238 999 1314 America
1020 1236 1191 1307 inveniri:
1219 1239 1298 1303 Deo
1320 1233 1515 1329 Anglorum
1542 1233 1753 1327 potilirmum
1776 1235 1812 1304 in
1835 1257 1920 1329 pro·

571 1333 749 1405 movendo
768 1329 958 1429 Evangelio
975 1331 1189 1428 diligentiae,
1218 1327 1364 1424 Spiritus
1384 1328 1434 1401 sui
1449 1329 1594 1400 efficacia
1614 1325 1920 1427 infigniterfav'en-

570 1451 619 1503 te.
669 1436 754 1502 Non
775 1430 891 1522 itaque
911 1426 974 1499 isto
994 1424 1131 1499 Noachi
1152 1426 1291 1497 oraculo
1320 1424 1438 1495 durius
1461 1424 1655 1521 quidquam
1680 1428 1715 1496 in
1737 1426 1916 1497 America-

570 1549 635 1598 nos
650 1551 675 1607 ,¹
690 1522 815 1596 Chami
834 1543 1004 1618 nepotes,
1032 1547 1138 1619 quam
1152 1542 1290 1592 caeteras
1310 1520 1431 1591 mundi
1452 1521 1634 1601 nationes,
1661 1519 1823 1593 statutum
1848 1520 1917 1607 est5

571 1620 663 1692 unde
684 1645 744 1787 eqs
765 1644 826 1716 per
842 1618 1070 1718 Evangelium
1089 1619 1133 1689 ad
1147 1615 1271 1689 Christi
1284 1617 1430 1713 gratiam
1448 1618 1665 1688 invitarinon
1677 1611 1829 1689 debuille
1842 1643 1917 1688 me-

570 1720 638 1789 tito
657 1718 711 1789 col
728 1718 815 1813 igas.
944 1727 947 1734 '

390 1843 618 1999 illita
640 1815 843 2007 spilli
858 1805 1917 2005 initialialilssilldlltlsslllssl’tlllll

393 2025 456 2096 fam
478 2001 563 2057 “lm
572 2006 710 2078 traditio
732 2004 801 2087 est,
830 2003 1016 2100 Apostolos
1035 2002 1200 2075 mandato
1217 2003 1362 2074 Domini
1382 2001 1600 2073 defunouros
1616 2007 1763 2098 partitos
1777 1997 1843 2074 elle
1863 2005 1918 2076 in·'

387 2074 508 2233 ’Ἤρ
572 2124 623 2175 ter
639 2098 706 2173 sele
724 2101 842 2173 orbem
863 2123 1024 2172 terrarum
1042 2145 1053 2179 ‚
1082 2095 1288 2198 singulisque
1310 2096 1385 2170 suas
1398 2094 1585 2195 adsignatos
1597 2101 1814 2194 provincias:
1831 2123 1917 2197 quas

486 2196 496 2215 ⁸
571 2198 730 2271 nonnulli
753 2197 819 2269 hoc
836 2196 944 2267 modo
966 2195 1152 2278 dividunt,
1182 2218 1221 2267 ut
1234 2196 1357 2269 Tiroma
1377 2195 1520 2291 quidem
1540 2198 1577 2265 &
1602 2195 1829 2270 Bartholomaeo
1854 2200 1918 2269 ob·

569 2297 686 2393 tigerit
705 2301 840 2375 Oriens,
864 2295 981 2365 Simoni
997 2295 1035 2364 &
1053 2289 1204 2366 liraddao
1230 2296 1429 2386 Septentrio,
1455 2294 1610 2363 Marthae
1631 2294 1667 2362 &
1685 2288 1817 2381 Jaobo
1836 2299 1918 2367 Ma-

413 2421 417 2430 ·
564 2389 635 2483 jori
648 2393 822 2490 Regiones
842 2394 1113 2469 Mediterranea,
1146 2388 1291 2483 Joharni
1306 2391 1342 2458 δι
1362 2391 1497 2457 Andrea
1516 2390 1704 2462 Provinciae
1725 2393 1916 2474 Maritima.

570 2496 670 2561 Petro
689 2513 770 2559 vero
790 2490 827 2559 &
844 2485 971 2577 Jacobo
992 2489 1116 2559 Minori
1125 2488 1280 2560 Occidens.
1337 2484 1409 2555 Alii
1430 2483 1539 2555 aliter.

420 2619 424 2628 ·
545 2621 554 2647 ε
669 2587 767 2657 XIV.
795 2591 833 2656 ln
852 2590 1003 2655 lunlan
1024 2606 1135 2677 quum
1158 2592 1323 2654 Pantanus
1343 2634 1351 2656 ‚
1377 2580 1505 2650 Divina
1526 2581 1677 2677 quadam
1693 2581 1916 2657 aemulatione

391 2674 547 2766 damietam
572 2676 776 2761 succensus,
803 2679 1026 2776 praedicandae
1055 2669 1210 2750 salutaris
1238 2678 1399 2750 dostrinae
1427 2672 1532 2748 caulla
1593 2676 1795 2761 enerrallet‚
1823 2680 1915 2779 apud

388 2785 419 2841 in
439 2783 545 2877 laetam
573 2770 742 2869 qtioldam
760 2775 958 2871 cognitione
977 2772 1105 2845 Christi
1122 2775 1192 2863 jam
1211 2772 1345 2870 pridem
1364 2774 1543 2856 imbutos,
1567 2704 1802 2872 {vangelium
1819 2782 1918 2850 Mat·

391 2857 557 2916 ⁰''‘'¹‘⁴“'”
571 2870 652 2942 thaei
672 2917 683 2952 ,
711 2873 811 2966 quod
829 2870 1018 2940 adventum
1038 2865 1141 2966 ipsius
1157 2893 1386 2966 praevenerat,
1415 2865 1568 2965 reperille
1587 2895 1748 2945 narratur.
1799 2878 1916 2971 Quip-

385 2948 512 3073 ἔφ’
569 2993 613 3065 pc
635 2968 734 3064 quod
755 2966 1002 3039 Bartholomaeus
1021 2964 1070 3036 ibi
1089 2967 1356 3062 praedicaverat,
1384 2969 1421 3037 &
1436 2969 1613 3039 Hebraicis
1632 2965 1863 3066 conscriptum
1875 2976 1917 3047 li·

568 3066 649 3137 teris
668 3062 863 3160 reliquerat.
888 3060 998 3151 Euseb.
1018 3057 1076 3136 lib.
1097 3085 1133 3135 v.
1158 3083 1227 3158 cap.
1241 3086 1278 3136 x.
1315 3066 1371 3132 De
1391 3061 1547 3161 Johanne
1568 3061 1610 3136 stc
1629 3063 1732 3137 habet
1757 3075 1915 3143 Batonius

567 3160 686 3237 Annei.
696 3160 732 3233 T.
748 3177 776 3233 1.
788 3179 822 3256 p.
837 3182 915 3251 320.
965 3160 1148 3255 yonam
1164 3183 1226 3232 non
1237 3157 1360 3256 semper
1376 3164 1410 3231 in
1426 3159 1504 3249 Asta
1520 3158 1676 3252 maofiffm
1695 3163 1753 3250 sed
1769 3169 1815 3239 &¹
1831 3161 1915 3241 'aliae

567 3261 705 3332 Orienti
720 3261 861 3352 regiones
884 3258 1097 3351 evangelium
1113 3260 1304 3353 predicando
1310 3254 1505 3352 peragrando,
1529 3260 1630 3329 muita
1640 3257 1913 3346 stantediotona'a.

565 3360 623 3431 Ad
637 3356 775 3428 Parthos
792 3358 875 3426 enirn
893 3351 1100 3443 adscendisse,
1122 3354 1238 3429 titalut
1248 3354 1312 3442 [aa
1333 3356 1426 3450 ipfiat
1438 3360 1548 3449 prima
1567 3355 1732 3451 Epistola,
1758 3383 1826 3457 qna
1842 3363 1916 3436 olan

564 3456 608 3523 ad
625 3459 809 3528 patrnos
832 3450 982 3545 inscripta
994 3449 1204 3544 legebantur,
1224 3446 1324 3541 flatile
1343 3450 1498 3533 mordeat.
1552 3458 1611 3524 Sed
1629 3455 1728 3527 adhoc
1748 3458 1912 3534 ulteriores

563 3551 701 3620 Orientis
717 3567 827 3644 partes
840 3542 1037 3641 penetraffe,
1063 3549 1107 3620 &⁹
1124 3550 1329 3620 Bassonas
1359 3549 1535 3629 toriniano
1547 3546 1612 3637 fide
1631 3551 1800 3643 imbuiffe,
1825 3581 1913 3631 aare·

559 3647 666 3740 pimus
685 3662 773 3714 certa
793 3668 831 3715 ae
841 3638 907 3729 fide
926 3645 961 3714 di
1043 3644 1196 3714 relatione
1214 3645 1501 3738 religioliffrnoram
1519 3654 1655 3720 Parrum
1674 3651 1842 3724 Societatr'e

557 3738 618 3830 su,
644 3741 700 3835 qni
707 3736 812 3820 nostris
822 3742 956 3834 tempori
975 3760 1013 3810 no
1028 3741 1070 3810 ad
1081 3741 1178 3811 Indos
1197 3740 1394 3832 Evangelica
1410 3746 1639 3837 predicationis
1656 3742 1761 3837 cauffo
1779 3768 1839 3843 pro
1855 3747 1912 3823 edi

470 3924 475 3937 .
561 3834 622 3907 hac
638 3860 680 3905 ex
698 3833 831 3929 ejusdem
847 3834 954 3930 popuii
971 3832 1176 3926 amajoribne
1197 3853 1322 3931 accepta
1332 3842 1500 3910 traditione
1517 3844 1705 3915 didicerunt.
1757 3849 1815 3917 De
1829 3846 1912 3922 lbo-

561 3955 615 4004 nra
628 3930 701 4003 haec
717 3930 882 4031 collegit:
909 3956 945 4029 p.
962 3952 1043 4022 32¹·
1095 3928 1230 4005 mona
1238 3930 1401 4027 Apostolus
1417 3938 1568 4025 imprimit
1583 3944 1623 4010 ad
1641 3947 1830 4015 Parenos
1842 3941 1913 4041 pio·

555 4025 661 4120 fliius
678 4025 739 4108 eii,
761 4051 798 4098 ur
825 4026 931 4099 aufior
950 4024 992 4110 est
1018 4029 1164 4119 Origenes
1188 4049 1283 4124 atque
1302 4029 1463 4119 Eusebius.
1518 4040 1657 4108 Eundem
1678 4043 1800 4111 luoos
1817 4061 1911 4136 pene-

561 4124 655 4217 trasse
672 4128 774 4196 tradit
793 4127 967 4218 Gregorius
981 4128 1238 4202 Nazianzenus.
1288 4131 1328 4200 In
1341 4132 1585 4203 AErnrorran
1602 4155 1722 4229 quoque
1735 4134 1912 4234 perrexiffe

560 4220 693 4305 testatur
715 4222 880 4311 johannes
909 4217 1167 4317 wastinae,
1192 4246 1287 4326 quarn
1314 4228 1390 4304 eit,
1422 4224 1558 4299 atoma
1579 4227 1705 4302 dealbat
1734 4233 1913 4331 AEtlriopes.

560 4320 687 4392 Thema
706 4316 892 4405 adscribitur
902 4323 984 4415 qaod
992 4323 1042 4390 ait
1052 4319 1291 4400 Theodoram,
1316 4329 1524 4405 Peterson,
1554 4333 1724 4407 Persas,
1748 4332 1909 4414 Menoe,

560 4420 897 4499 tarentinam,
925 4422 1071 4501 Ionos,
1098 4416 1240 4513 aliaeque
1252 4415 1561 4511 meinaim
1576 4422 1912 4524 clariiilioangelim

1809 4525 1913 4623 tate.
