4667 5442
455 973 459 982 .
500 929 511 1008 ,ᾗ
631 917 885 987 'Moetxxxvn

609 542 721 624 rra
828 539 832 548 ·
1048 528 1592 650 ‚lurnnnnutrrrrsrr

644 713 708 816 tpfi
724 711 761 787 fit
775 718 809 788 in
822 710 930 787 luoem
945 734 1145 811 perpetuam,
1174 713 1278 799 ‘atax'
1291 724 1368 798 ἴξιχ·
1380 709 1407 782 ,ὅ
1418 716 1564 790 φιπῆλα.
1612 707 1713 788 Vale,
1737 712 1779 780 mi
1799 709 1950 793 Habere,
1978 720 2009 786 de

643 843 701 888 ane
726 842 809 892 ama.
882 814 1012 885 Dabam
1034 818 1209 908 Uitrajedii
1243 816 1394 909 postridie
1417 809 1489 891 Kal.
1514 815 1598 884 Dec.
1624 813 1722 883 Anno
1752 834 1826 882 aetae
1853 812 2008 909 vulgaria
2039 819 2052 842 “’

767 1007 896 1084 Prorsus
916 1009 1037 1083 oblitus
1053 1008 1123 1084 sunt
1141 1012 1303 1107 judiciolae
1316 1006 1404 1078 istius
1420 1005 1634 1107 allegationis,
1659 1031 1726 1103 qua
1736 1008 1842 1080 verba
1856 1015 2005 1107 quadam

642 1135 738 1190 mea,
751 1137 789 1182 ex
808 1119 846 1180 iis
860 1136 940 1208 quos
951 1109 1033 1181 olim
1046 1110 1210 1208 publicavi
1224 1113 1269 1182 de
1287 1108 1492 1181 Oeconomia
1505 1109 1673 1179 Foedetum
1684 1111 1893 1182 Divinorum
1906 1111 2007 1192 libris,

645 1214 691 1282 ita
709 1209 895 1288 laudantur,
919 1209 1010 1306 quast
1024 1208 1190 1280 firmandae
1205 1213 1369 1282 lententiae
1385 1205 1430 1276 illi
1443 1206 1603 1287 facerent,
1622 1231 1723 1302 quarn
1741 1227 1777 1278 tu
1799 1209 2002 1305 improbasti.

645 1311 730 1410 Quae
742 1333 850 1381 tamen
863 1313 906 1379 ad
920 1309 1003 1379 hanc
1021 1335 1089 1379 rem
1106 1313 1287 1406 pertinere,
1306 1329 1401 1404 prout
1414 1331 1484 1377 mea
1499 1309 1544 1377 est
1557 1303 1751 1403 fimplicitas,
1764 1312 1931 1402 equidem
1942 1337 2004 1382 non

643 1407 803 1505 intelligo.
853 1411 907 1478 An
920 1401 1066 1503 unquam
1082 1435 1117 1480 tu
1134 1435 1168 1478 m
1184 1407 1317 1480 dubium
1333 1408 1467 1486 vocasti,
1484 1409 1572 1502 quod
1590 1408 1700 1476 Gratia
1715 1403 1882 1504 supponat
1897 1417 2003 1480 Nato-

639 1533 728 1588 ram,
750 1505 817 1579 dfe
826 1509 1052 1599 perficiendam?
1073 1511 1225 1604 autquod
1242 1511 1383 1578 veritates
1413 1511 1446 1576 in
1460 1510 1623 1600 Evangelio
1638 1510 1775 1575 revelate
1802 1505 2005 1581 substernant

643 1603 702 1678 fibi
728 1633 786 1706 pro
797 1607 1157 1678 l'undamentoverirater
1172 1615 1303 1704 Nature
1315 1628 1414 1677 noto:
1438 1626 1492 1696 aut
1509 1607 1597 1702 quod
1610 1613 1758 1698 cognitto
1775 1629 1881 1700 quam
1899 1615 2003 1680 Natu·

637 1731 678 1778 ra
693 1703 804 1784 docet',
826 1715 1097 1779 SANcnrlchn
1121 1725 1192 1777 PER
1211 1712 1407 1785 Srtrtrwnt,
1428 1703 1825 1776 animominllrudliotem
1844 1710 2003 1779 reddatad

639 1832 697 1877 eas
718 1813 866 1877 veritates
886 1805 1144 1902 atuplediendas,
1172 1831 1244 1901 quae
1265 1825 1405 1876 warram
1419 1804 1560 1897 firpcrant
1579 1803 1734 1898 quidem,
1755 1805 1812 1874 led
1836 1806 2002 1896 perficiant,

641 1927 767 1976 tantum
785 1905 871 1975 abest
894 1927 930 1974 ut
946 1904 1122 1995 desineant?
1147 1910 1405 2002 Quemquam,
1428 1906 1544 1973 mentis
1562 1899 1621 1972 [υτ
1635 1926 1793 1999 compos,
1812 1904 2001 2003 Theologiae

642 2003 793 2078 Naturali
810 2001 897 2076 suam
909 2003 1054 2074 constare
1066 2005 1236 2075 utilitatem
1259 2005 1411 2102 negavit?
1430 2006 1516 2100 Quis
1527 1999 1687 2073 dubitavit
1704 2053 1714 2080 ,
1734 2001 1875 2100 mysteria
1893 2009 2001 2075 Trini-

637 2108 713 2176 tatis
723 2155 735 2188 ‚
757 2112 922 2195 irreptione
933 2101 1003 2172 Filii
1019 2107 1103 2182 Dei,
1129 2105 1338 2174 redemtionis
1348 2103 1457 2173 nostra
1472 2127 1532 2200 per
1546 2099 1728 2179 Christum,
1745 2127 1808 2199 pto
1824 2103 1998 2192 sundrun-

508 2221 512 2229 ·
639 2221 670 2272 ro
689 2201 744 2273 ilbi
759 2201 958 2274 substernere
971 2206 1117 2271 veritates
1128 2222 1240 2272 natura
1256 2222 1339 2272 notas
1360 2206 1399 2271 de
1414 2203 1479 2270 Dei
1495 2204 1651 2279 linitate,
1678 2201 1923 2285 lmmeniitate,
1942 2223 1994 2276 Po·

636 2306 757 2380 tentia,
776 2305 957 2398 Sapientia,
972 2302 1114 2394 justitia,
1127 2305 1296 2374 Bonitate?
1322 2303 1409 2400 Qris
1425 2297 1570 2378 all'etuit,
1586 2301 1748 2371 Veritates
1765 2303 1998 2401 Evangeliide·

636 2401 759 2472 struere
780 2425 948 2487 naturam3
973 2404 1012 2469 Et
1030 2398 1093 2472 hoc
1106 2404 1241 2495 quidem
1253 2422 1355 2472 totum
1371 2401 1433 2476 est,
1451 2401 1539 2493 quod
1551 2397 1685 2494 allegata
1704 2407 1863 2500 pericopa
1882 2401 1996 2502 sctipfi.

637 2503 684 2570 At
700 2505 795 2594 quis,
817 2497 875 2568 nist
891 2525 967 2569 cum
981 2504 1103 2570 ratione
1122 2497 1301 2580 insaniens,
1323 2497 1401 2569 hinc
1417 2497 1603 2594 collegerit,
1621 2501 1843 2572 Divinitatem
1857 2506 1999 2600 Scriptu-

637 2623 681 2668 ta·
698 2623 763 2669 non
780 2595 838 2668 nist
854 2623 893 2668 ex
910 2603 1033 2669 ratione
1047 2595 1177 2696 probati
1193 2597 1298 2694 polle?
1323 2599 1488 2670 Caetetum
1504 2623 1545 2666 ne
1565 2601 1720 2694 ignorent
1739 2602 1864 2680 Vestri,
1883 2604 1903 2674 ti
1919 2603 1995 2676 tanti

634 2697 669 2766 id
690 2696 759 2791 ipiir
775 2698 837 2775 est,
863 2723 916 2770 aut
930 2698 1042 2768 saltent
1058 2725 1098 2768 ne
1115 2702 1267 2793 ignorent
1280 2695 1354 2774 alii,
1379 2701 1436 2793 qui
1453 2696 1559 2791 paullo
1571 2700 1612 2765 de
1634 2696 1730 2769 nobis
1746 2700 1938 2773 clementius
1946 2726 1994 2772 at·

618 2791 815 2869 'bitrantun
835 2821 935 2884 quem
952 2793 1042 2864 usum
1061 2799 1231 2865 Rationem
1246 2797 1389 2891 praebere
1405 2795 1490 2891 polle
1507 2817 1617 2892 putem
1642 2800 1678 2865 in
1694 2801 1884 2870 adstruenda
1904 2807 1997 2873 Veri·

637 2911 703 2960 tate
717 2888 906 2986 Evangelii,
922 2884 1105 2960 consultum
1121 2895 1197 2962 duxi
1213 2900 1388 2990 adjungere
1407 2901 1602 2967 Orationem
1628 2903 1788 2990 quandam
1803 2923 1929 2976 meam,
1958 2907 1993 2970 in

633 3013 701 3086 qua
719 2997 913 3078 κραγματικῦς
928 2989 968 3056 de
988 2985 1130 3058 totoltoc
1146 2994 1276 3087 negotio
1290 2994 1460 3065 dilletitut.
1514 2991 1564 3062 lbi
1577 2999 1642 3063 itur
1658 3002 1767 3066 intem
1783 2995 1990 3092 pralentem,·

632 3085 769 3186 ipsoque
784 3083 871 3157 fadio
889 3086 1087 3165 ostenditur,
1113 3096 1148 3159 &
1167 3092 1248 3183 quid
1266 3088 1394 3162 lubstdii
1417 3089 1621 3163 Revelatiol
1644 3094 1786 3167 Ratione
1802 3094 1937 3179 habeat,
1957 3107 1990 3171 δι

633 3211 794 3283 quantum
810 3209 917 3256 tamen
933 3185 1024 3282 supra
1034 3189 1179 3257 Rationis
1197 3193 1372 3285 imperium
1387 3188 1756 3266 emineatRevelationis
1771 3193 1910 3292 gloriosa
1921 3203 1993 3269 Ma-

630 3287 736 3382 jestas.
787 3288 819 3354 Si
835 3284 989 3355 validiora
1005 3283 1294 3382 proRevelationit
1313 3293 1442 3360 Divina
1457 3292 1655 3361 Austotitate
1668 3317 1861 3389 argumenta
1872 3301 1906 3368 in
1925 3299 1990 3371 Ra·

635 3388 733 3454 tionis
749 3379 810 3454 soae
829 3381 981 3454 thesauris
997 3390 1057 3452 viri
1080 3383 1284 3457 eruditiffimi
1298 3392 1487 3469 inveniant,
1510 3386 1594 3458 bene
1610 3391 1650 3458 de
1667 3391 1803 3487 publico
1816 3397 1990 3470 merebun-

631 3504 708 3564 tur,
731 3507 769 3553 ea
789 3482 992 3581 proferendo.
1045 3481 1142 3554 Tunc
1155 3484 1287 3557 demum
1303 3513 1340 3556 ea
1357 3512 1421 3581 qna
1434 3486 1556 3583 pollent
1579 3493 1705 3584 ingenii
1721 3496 1915 3568 dexteritate
1932 3502 1990 3570 rite

629 3600 779 3658 utentur,
806 3579 827 3651 st
844 3607 914 3653 eam
930 3578 1141 3652 lactatillimit
1149 3583 1331 3680 Religionis
1354 3585 1464 3655 nostra:
1481 3587 1655 3677 mysteriis,
1682 3616 1749 3662 non
1767 3598 1808 3664 ad
1821 3593 1890 3667 suas
1907 3600 1989 3667 ideae

633 3683 842 3774 torquendis,
863 3674 916 3751 sed
934 3679 1124 3750 illustrandis
1143 3737 1151 3758 ,
1172 3682 1440 3780 comprobandis.
1461 3687 1865 3767 vindicandisadltibeant.
1918 3699 1987 3768 Hoc

630 3769 731 3875 longe
749 3777 866 3860 satius,
887 3807 923 3850 ac
942 3782 1002 3875 piis
1025 3776 1213 3851 hominibus
1235 3784 1404 3876 jucundius
1425 3784 1598 3883 utiliusque
1620 3791 1699 3868 etit,
1725 3816 1830 3886 quam
1848 3793 1986 3893 litigiolit

703 3873 975 3976 disputationibus
988 3875 1295 3976 oculosanimosque
1311 3880 1460 3959 sauciare.
1486 3886 1529 3954 dt
1539 3887 1634 3955 nimis
1649 3907 1682 3958 te
1697 3915 1824 3965 motor.
1853 3895 1921 3967 lte·

979 4000 1054 4048 aum
1068 3976 1170 4060 Vale,
1196 3983 1349 4053 Huossrti
1375 3981 1609 4056 AMrLrssrnrt.

1196 4177 1360 4262 ’ὤῶ

1257 4279 1323 4359 ὤ
