4667 5442
540 514 646 622 424
752 492 1470 587 Exencrrsrro
1540 480 1650 581 XV

417 663 419 668 '
542 661 649 758 igitur
668 660 792 732 omitte
816 683 872 731 me
899 700 910 739 ,
948 651 1015 729 fine
1039 678 1108 731 ate
1128 655 1311 753 baptizer,
1339 657 1422 753 quia
1447 653 1603 726 nondum
1624 670 1765 759 tempus
1787 639 1840 721 est
1865 663 1906 719 ut

543 755 727 854 spiritualis
748 749 942 852 Baptismus
972 779 1069 827 meus
1091 751 1305 827 exhibeatur.
1357 752 1467 824 Addit
1494 749 1670 822 Dominus
1686 767 1901 857 ‘ratrpnem’a

544 860 595 931 ita
612 856 693 926 enim
712 856 797 926 decet
816 876 870 927 nos
888 874 1010 927 omnem
1020 851 1175 944 justitiam
1190 850 1333 946 implere.
1384 848 1459 922 Ubi
1463 844 1591 941 justitie
1599 867 1743 917 nomine
1761 839 1906 913 intelli·

544 974 594 1050 go
614 946 787 1047 quidquid
809 972 980 1046 aequum,
1007 945 1210 1029 honestum,
1230 950 1265 1020 in
1277 948 1379 1021 laude
1392 939 1564 1042 positum,
1591 944 1726 1014 muneri
1736 934 1803 1010 suo
1816 959 1905 1010 con·

545 1048 706 1127 veniens,
734 1050 884 1143 Deoque
897 1067 1074 1139 acceptum
1087 1042 1146 1117 est.
1197 1052 1236 1117 In
1259 1067 1405 1138 quarum
1418 1065 1530 1115 return
1545 1037 1645 1115 censu
1664 1058 1736 1108 erat
1748 1082 1759 1117 ,
1776 1028 1904 1146 Jesurn

546 1143 735 1240 baptizari,
763 1139 959 1240 Johannem
973 1140 1168 1239 baptizare,
1196 1140 1284 1214 illud
1299 1139 1344 1211 ob
1363 1141 1508 1212 sormam
1521 1133 1628 1217 servi,
1656 1134 1720 1230 qui
1733 1131 1808 1231 legi
1819 1125 1906 1242 'sub-

545 1241 652 1332 jeous
669 1236 774 1321 esset,
802 1265 822 1311 a
840 1238 873 1310 se
892 1233 1103 1335 susceptam,
1130 1235 1222 1311 istud
1241 1236 1287 1308 ob
1309 1257 1434 1309 munus
1452 1232 1648 1333 baptizandi
1669 1225 1904 1399 1[ohanmde-

547 1334 762 1410 mandatum.
816 1335 883 1408 Uti
911 1332 1066 1409 Christus
1087 1328 1301 1409 circumcisus
1325 1330 1418 1415 suit,
1457 1332 1616 1429 quamvis
1638 1328 1670 1402 la
1696 1330 1728 1399 is
1760 1347 1903 1404 ornnrs,

548 1457 642 1528 quae,
678 1434 862 1528 raeputium
882 1430 994 1507 cordis
1009 1454 1153 1505 vocatur
1173 1478 1185 1515 ,
1214 1454 1363 1526 expers,
1389 1451 1429 1503 ut
1447 1428 1633 1502 cerimonia
1653 1423 1762 1536 delun
1789 1440 1906 1493 eretur

549 1552 630 1626 quae
650 1458 765 1601 licum
783 1532 954 1600 austorem
969 1528 1113 1611 habuit,
1143 1551 1293 1626 quaeque
1306 1551 1426 1600 omnes
1439 1549 1499 1597 eos
1511 1523 1736 1598 institutionis
1762 1538 1905 1590 uaema·

548 1625 663 1714 jestate
683 1622 863 1697 obstrinxit
881 1625 943 1721 qui
964 1628 1181 1699 Oeconomia
1203 1624 1324 1723 Legali
1343 1619 1590 1697 censebantur:
1617 1616 1659 1693 fic
1674 1620 1712 1690 δι
1731 1616 1906 1713 baptizari

549 1722 661 1816 ipsum
683 1747 702 1790 a
720 1719 877 1818 Johanne
900 1725 1086 1818 oportuit,
1114 1723 1274 1819 quamvis
1298 1719 1428 1793 nullius
1448 1719 1636 1791 ablutionis
1655 1714 1801 1812 indigus
1822 1761 1834 1797 ,
1863 1738 1905 1786 ne

549 1816 746 1913 quidquam
766 1841 886 1890 eorum
905 1821 1081 1892 omitteret
1098 1844 1178 1915 quae
1199 1822 1235 1889 in
1260 1813 1508 1912 dispensatione
1530 1862 1541 1896 ‚
1570 1838 1649 1910 quae
1670 1811 1904 1922 Evangelium

546 1914 707 2013 proxime
719 1914 912 1997 antecessit,
939 1920 1057 1988 Deum
1075 1909 1417 1988 auctoremhabuere.
1470 1908 1594 1985 Christi
1612 1912 1732 2003 itaque
1746 1908 1905 1982 officiunt

552 2031 623 2082 erat
634 2009 824 2178 >sl⁰h²¹¹¹¹l
839 2008 873 2084 se
891 2010 1135 2108 baptizandum
1153 2006 1260 2083 sistere
1285 2034 1297 2094 3
1322 2007 1492 2106 Johannis
1510 2031 1622 2105 partes
1643 2054 1654 2089 ,
1681 2004 1867 2079 Christum
1886 2029 1905 2077 a

550 2109 650 2203 Bapti
668 2133 726 2178 nro
749 2103 810 2179 suo
831 2134 902 2179 non
919 2108 1095 2204 repellere.
1146 2106 1188 2181 ld
1202 2108 1310 2199 πρέπον
1333 2109 1482 2203 utrique.
1536 2103 1673 2194 Qubus
1694 2099 1830 2175 auditis
1850 2128 1904 2176 ac·

551 2206 686 2300 quievit
702 2203 904 2303 Johannes,
932 2206 981 2279 nil
1002 2200 1063 2277 srbi
1084 2229 1205 2301 praeter
1228 2203 1369 2302 parendi
1396 2203 1544 2300 gloriam
1570 2202 1726 2272 relictum
1747 2196 1814 2271 esse
1834 2225 1905 2273 crc-

455 2349 475 2370 κ
551 2302 650 2373 dens.
704 2308 837 2374 Caetera
859 2326 937 2400 quae
955 2297 1255 2400 inhocBaptismo
1278 2300 1521 2399 contigerunt,
1549 2323 1659 2395 quum
1679 2297 1724 2369 ad
1734 2293 1820 2398 Jesu
1832 2323 1906 2371 rna-

549 2400 604 2520 pis
627 2422 734 2519 qqam
755 2398 924 2497 Johannis
944 2398 1119 2474 historiam
1135 2399 1347 2497 pertineant,
1375 2422 1447 2470 non
1465 2390 1654 2469 desiderant
1674 2392 1733 2468 hic
1753 2393 1906 2472 nostram

553 2521 704 2578 crrrpaevm'·

371 2596 474 2659 LXVI.
488 2591 544 2679 Q?
652 2584 785 2655 LXVI.
801 2588 908 2658 'Patet
934 2607 978 2654 ex
999 2580 1161 2653 omnibus
1186 2572 1275 2653 hisce
1295 2632 1306 2661 ,
1330 2579 1398 2670 jam
1425 2576 1535 2691 probe
1550 2574 1701 2681 Johanni
1720 2541 1906 2680 cognituris

371 2670 425 2728 bac
444 2670 508 2762 fifri
558 2670 652 2746 fuisse
668 2674 821 2774 ,Jesum,
859 2677 944 2749 dum
960 2675 1025 2750 hos
1043 2679 1190 2751 invicem
1210 2672 1381 2751 sermones
1404 2675 1668 2774 reciprocabant.
1720 2674 1764 2750 ld
1785 2697 1904 2750 tamen

369 2760 504 2823 ‘mmm
558 2794 681 2958 nepare
701 2774 835 2845 videtur
852 2773 1021 2871 Baptista,
1045 2771 1128 2872 Joh.
1146 2797 1176 2847 1:
1195 2795 1253 2866 33.
1305 2776 1447 2867 Egonon
1464 2798 1615 2852 noveram
1633 2770 1760 2868 ipsam:
1783 2774 1907 2872 sedqei

372 2839 520 2973 {vim
557 2870 602 2938 mi
614 2889 641 2939 rt
658 2893 707 2941 me
724 2888 762 2942 ut
779 2866 985 2965 baptizarem
1002 2893 1085 2966 aqua
1105 2922 1116 2950 ‚
1139 2872 1192 2943 ille
1215 2871 1292 2944 mihi
1312 2870 1506 2958 dixerat,s
1538 2894 1680 2969 ecquem
1693 2874 1822 2948 videre
1837 2873 1908 2969 spi·

374 2971 512 3046 caedrum
557 2967 658 3036 ritum
675 2964 900 3055 descendentem
915 2991 952 3038 ac
976 2984 1149 3039 manentem
1165 2966 1260 3064 saper
1288 2991 1381 3047 eum,
1413 2966 1497 3039 hice
1538 2971 1596 3066 quc·
1612 2965 1770 3064 captiae
1786 2970 1910 3067 spirita

373 3049 546 3144 “amsf‘mf
561 3060 678 3139 ‚lando
729 3065 798 3135 Cui
816 3062 1009 3136 difficultati
1030 3061 1196 3137 tollendae
1215 3062 1362 3136 multam
1382 3088 1522 3160 operam
1540 3087 1611 3137 tarn
1632 3070 1779 3140 Veteres
1797 3089 1906 3164 quam

374 3128 540 3260 {mmm
559 3164 728 3234 Recentes
757 3158 1011 3256 impenderunt.
1065 3164 1119 3232 Ex
1148 3161 1309 3234 omnium
1333 3185 1424 3258 quos
1449 3159 1520 3262 legi
1539 3164 1698 3261 cogitatis
1721 3160 1799 3237 haee
1815 3160 1905 3236 milri

374 3274 545 3359 J,r‚,1;33,
561 3256 724 3330 facillima
742 3281 779 3331 ac
799 3254 989 3354 planissima
1004 3251 1075 3329 visa
1091 3253 1181 3332 sunt.
1234 3259 1269 3329 Si
1284 3281 1354 3332 non
1370 3279 1492 3339 antea,
1521 3281 1609 3331 certe
1626 3260 1729 3332 initio
1752 3260 1907 3335 muneris

557 3350 630 3438 sui,
654 3355 800 3428 docente
811 3358 910 3435 Deo,
939 3354 1113 3427 clarissime
1130 3350 1436 3455 scivitJohannes,
1460 3350 1778 3454 praesoribusesse,
1808 3358 1907 3432 &cis

560 3453 677 3549 exigui
686 3450 862 3548 ‘temporis
884 3445 1031 3547 spatium
1050 3453 1281 3548 appariturum
1300 3453 1455 3525 Mellram
1477 3499 1488 3535 ,
1516 3452 1559 3524 de
1578 3454 1672 3545 cujus
1696 3475 1737 3527 ut
1758 3454 1831 3546 jam
1852 3456 1907 3529 in·

559 3547 675 3620 stantis
698 3545 905 3620 revelatione
927 3550 1087 3620 certiores
1109 3547 1284 3621 auditores
1302 3544 1381 3621 suos
1396 3549 1503 3624 facere
1520 3554 1673 3624 muneris
1691 3547 1743 3624 sui
1764 3550 1845 3651 lege
1856 3575 1909 3626 tt·

558 3642 714 3715 nebarur.
767 3647 814 3714 At
831 3638 972 3739 persona
991 3642 1123 3717 Meiliae
1144 3669 1305 3742 quaenam
1319 3642 1422 3728 esset,
1449 3670 1553 3743 atque
1566 3648 1626 3720 ubi
1644 3646 1791 3733 lateret,
1818 3673 1908 3724 non·

559 3738 644 3810 dum
665 3735 811 3811 habebat
835 3739 1064 3837 exploratum.
1117 3745 1213 3814 Cum
1230 3738 1311 3840 Jesu
1326 3742 1420 3816 nulla
1439 3742 1669 3842 ipfihattenus
1680 3740 1909 3824 intercesserat

560 3834 771 3908 familiaritas
788 3859 801 3921 3
826 3860 933 3932 quem
949 3860 1062 3933 neque
1080 3837 1124 3909 de
1145 3839 1253 3921 facie,
1280 3864 1394 3937 neque
1420 3840 1463 3913 de
1482 3842 1584 3914 officii
1607 3842 1780 3941 dignitate
1799 3868 1909 3919 nove·

559 3952 622 4005 rat.
653 3934 708 4004 Sic
721 3928 932 4032 dispensante
944 3933 1136 4009 admirabili
1147 3935 1284 4010 Divinae
1296 3937 1525 4014 Providentiae
1542 3933 1734 4036 sapientia,
1761 3962 1909 4018 retuter-

560 4052 630 4124 que
648 4032 789 4127 proprio
802 4029 896 4112 lare,
923 4033 960 4103 in
980 4029 1066 4105 locis
1080 4031 1221 4114 dissitis,
1249 4035 1418 4131 privatam
1430 4037 1465 4107 δι
1484 4031 1662 4109 obscuram
1672 4038 1810 4122 vitant,
1836 4034 1906 4113 stne

559 4123 633 4197 ulla
654 4125 753 4198 famae
764 4128 981 4212 celebritate,
1008 4127 1173 4228 degeret3
1198 4154 1241 4201 ne
1254 4129 1414 4228 deinceps
1430 4156 1540 4229 quum
1551 4130 1637 4208 alter
1646 4131 1798 4209 alterum
1807 4160 1905 4211 com·

560 4221 784 4295 mendaturus
801 4221 880 4298 esset
891 4271 903 4307 ,
932 4249 976 4298 ex
995 4232 1174 4324 compasto
1194 4249 1293 4397 apere
1312 4275 1324 4312 ,
1353 4229 1425 4301 ulla
1442 4253 1523 4302 cum
1537 4233 1609 4302 veri
1627 4225 1740 4327 specie
1759 4226 1906 4333 lingeret

522 4376 524 4380 -
559 4318 741 4393 calumnia.
793 4322 952 4394 Tandem
968 4327 1048 4395 Deo
1065 4325 1196 4422 placuit
1227 4349 1347 4424 ignum
1361 4325 1506 4425 aliquod
1524 4324 1674 4426 Johanni
1692 4325 1851 4404 indicare
1864 4349 1907 4406 ex

560 4439 634 4513 quo
650 4410 830 4518 personam
853 4419 984 4495 Meruae
1008 4424 1123 4521 quiret
1141 4419 1341 4527 dignoscere
1362 4449 1372 4502 r
1397 4424 1563 4524 nimirum
1575 4469 1588 4514 ,
1614 4449 1653 4501 ur
1672 4418 1909 4604 supetvqsumea
