4667 5442
678 505 778 626 738
907 498 1127 627 On'nrro
1165 521 1232 587 on
1269 495 1445 587 Fntr'c1
1482 511 1559 583 au
1595 451 1872 588 Intendi

680 659 827 754 vocant)
857 661 1111 761 expleverunt3
1136 661 1209 759 pati
1231 655 1440 733 confidentia
1456 657 1492 730 in
1518 650 1836 732 sandillimorum
1854 653 2014 734 orandum

679 787 796 838 arcana
806 761 984 834 volumina
1000 760 1168 831 involant.
1220 762 1380 845 Quorum
1392 756 1613 836 orationem,
1640 755 1854 838 addendo,
1883 755 2012 838 demmb

679 855 950 957 transponendo,
978 855 1110 954 fingunt
1123 879 1161 927 ac
1183 851 1355 950 refingunt
1373 875 1437 949 pro
1459 851 1588 924 lubitu.
1652 853 1784 949 quue
1809 849 1881 926 srne
1897 853 2012 926 ullttli·

682 982 760 1030 rum
782 955 942 1029 codicum
961 955 1158 1025 auetoritate
1179 998 1190 1033 ,
1226 973 1344 1022 eontra
1364 948 1688 1045 antiquillimarum
1717 946 1925 1022 versionum
1940 946 2011 1028 lde,

681 1075 800 1127 eontra
821 1049 1118 1125 vetustissimorum
1145 1051 1371 1145 interpretum
1401 1041 1639 1126 eonsensum,
1674 1040 1760 1119 sola
1784 1048 1866 1120 nixi
1888 1045 2011 1120 hanolnl

683 1150 836 1221 audacia.
889 1152 935 1218 Ea
949 1170 1062 1217 tamen
1083 1146 1163 1217 artis
1177 1140 1244 1215 suae
1267 1139 1413 1222 fiducia,
1442 1165 1480 1213 ut
1495 1165 1566 1214 non
1585 1143 1742 1215 minora
1758 1145 1799 1215 in
1815 1144 2011 1217 Mosendtllr

682 1248 822 1325 videm,
851 1248 883 1316 in
900 1251 1038 1315 Petrum
1054 1245 1089 1313 &
1107 1240 1251 1314 Paulum
1269 1235 1336 1311 ausi
1353 1236 1437 1321 srnt,
1465 1262 1574 1335 quam
1588 1240 1626 1309 in
1641 1239 1860 1337 Polybium
1871 1245 2009 1318 &Lirim

684 1347 720 1414 in
740 1340 998 1436 Aristophanem
1020 1339 1248 1411 &Plautum
1304 1342 1339 1406 Ο
1360 1335 1538 1432 indignam
1561 1359 1693 1430 neque
1725 1337 2012 1412 ferendamtnltl'-

682 1439 748 1509 bus
767 1441 846 1508 viris
867 1436 1113 1509 contumeliam
1142 1434 1149 1507 l
1186 1437 1247 1532 qui
1270 1434 1402 1504 Divino
1434 1434 1564 1527 Spiritu
1589 1432 1712 1504 afflati
1736 1434 1911 1508 entheum
1938 1437 1986 1532 aliq
1998 1433 2012 1446 ''

685 1534 825 1613 sonant,
854 1527 951 1628 supra
974 1529 1152 1603 hominem
1176 1529 1396 1625 loquuntur,
1424 1527 1554 1623 suaque
1572 1523 1610 1599 se
1629 1530 1832 1620 majestate
1852 1557 1873 1604 a
1892 1531 2013 1606 miniati

684 1630 960 1727 Paedagogorum
984 1629 1068 1700 ceris
1088 1627 1186 1700 facile
1206 1626 1392 1698 vindicant.

703 1746 714 1762 “
781 1731 865 1798 Νοη
891 1723 989 1795 decet
1007 1726 1182 1796 enimvero
1208 1769 1218 1804 ,
1247 1747 1316 1793 non
1340 1721 1439 1792 decet
1459 1719 1651 1794 hominem
1677 1722 1928 1801 Christianum
1943 1725 2013 1798 inni

688 1823 807 1920 gendo
823 1817 1012 1893 sanderum
1032 1843 1152 1893 vatum
1169 1816 1323 1892 sermone
1340 1818 1383 1888 ad
1402 1843 1523 1890 omnes
1544 1823 1900 1897 Grammaticorum
1915 1825 1959 1896 tel
1970 1823 2013 1892 D'u

693 1923 890 1993 ledicorum
910 1918 1044 2015 regulas
1068 1919 1172 1989 nimis
1188 1914 1250 1986 elle
1266 1912 1512 2010 scrupulosum.
1566 1916 1737 1991 Constat
1749 1926 1905 1994 orationi
1915 1913 2012 1994 settaeb

687 2016 872 2113 sapientia,
896 2018 950 2095 δι,
975 2015 1031 2086 vel
1056 2015 1172 2086 invitis
1190 2012 1257 2085 istis
1278 2011 1495 2108 magistellis,
1525 2012 1715 2087 constabit
1731 2041 1927 2104 aeternum3
1946 2039 2012 2113 quan

685 2115 740 2186 vis
756 2114 870 2203 jejuna
890 2107 1080 2184 scholarum
1095 2131 1286 2206 praecepta,
1314 2107 1412 2180 velut
1425 2107 1509 2179 infra
1532 2103 1818 2189 sublimitatem
1843 2114 1930 2189 suam
1945 2109 2010 2211 posu,

685 2205 798 2284 secute
820 2203 994 2304 despiciat.
1045 2207 1218 2301 Sapientia
1236 2205 1295 2277 ista
1315 2206 1348 2276 in
1370 2204 1490 2276 abdito
1509 2204 1556 2276 est
1579 2232 1590 2278 ε
1623 2233 1784 2304 quam,
1818 2212 1880 2287 nisr
1896 2209 2010 2286 fodiendo

685 2301 923 2379 &scrutando
944 2330 1013 2376 non
1034 2297 1228 2400 assequaris,
1282 2300 1357 2376 Ubi
1378 2325 1491 2373 autem
1514 2293 1695 2378 assecutus
1722 2307 1840 2385 fueris
1861 2360 1871 2394 ,
1903 2307 2011 2382 lunulin

683 2403 843 2501 telliges,
872 2426 941 2473 non
962 2395 1106 2497 potuisse
1128 2425 1201 2472 earn
1217 2424 1289 2472 rem
1309 2397 1656 2473 convenientioribus
1682 2412 1832 2502 exponi
1854 2399 2011 2484 verbinllt

685 2496 806 2573 saltem
827 2520 954 2581 aetate,
983 2501 1020 2571 δι
1035 2523 1098 2596 pro
1128 2497 1247 2580 istius,
1274 2496 1327 2570 cui
1348 2497 1502 2592 primunr
1530 2493 1718 2572 destinata
1750 2504 1915 2589 fuerunt,
1939 2497 2011 2600 popul

713 2622 806 2670 enm.

686 2620 712 2694 g
785 2697 916 2764 Verum
933 2694 1066 2764 utinam
1086 2692 1174 2764 intra
1197 2687 1262 2765 hos
1285 2692 1452 2765 terminos
1475 2684 1641 2765 mansum
1659 2695 1816 2774 fuisset!
1842 2685 2008 2792 Latitugns·

687 2783 756 2861 sata
778 2786 879 2883 pellis
898 2785 967 2867 est,
996 2812 1102 2883 quam
1120 2811 1159 2859 ut
1176 2782 1209 2857 se
1223 2787 1407 2861 verborum
1421 2809 1479 2859 aut
1495 2812 1732 2868 commatum
1757 2799 1898 2894 aliquot
1907 2787 2007 2870 σιώ·

686 2888 841 2957 matione
864 2883 1029 2955 contineri
1064 2878 1186 2955 siverit.
1235 2891 1387 2981 integras
1418 2885 1530 2966 odas,
1560 2885 1739 2987 integros
1768 2895 1882 2970 libros
1898 2891 2011 2966 adoritur

685 2977 813 3078 eosque
835 2981 954 3051 critico
976 3005 1059 3052 veru
1078 2979 1261 3052 crudeliter
1274 2978 1456 3055 transfixos
1475 3007 1519 3054 ex
1528 2983 1771 3066 Divinorum
1791 2979 2016 3066 voluminumal·

684 3077 754 3161 bo,
782 3077 957 3149 dictatoria
975 3078 1196 3159 austeritate,
1222 3080 1413 3177 expungit:
1442 3105 1504 3161 at,
1524 3102 1567 3150 ne
1616 3085 1687 3155 uid
1700 3083 2018 3163 deessetideaturin·

683 3177 823 3274 pietati,
847 3173 984 3271 mystica
1007 3176 1182 3256 carmina,
1218 3176 1346 3274 quibus
1368 3173 1534 3248 ceslilsrmi
1561 3105 1704 3253 clristi
1731 3190 1778 3259 ὅ(
1802 3177 2020 3260 Ecdestaeemo·

681 3299 735 3348 tes
758 3271 1001 3369 elegantissime
1022 3273 1233 3368 pinguntur,
1261 3297 1339 3346 eum
1351 3270 1556 3371 Polyphemi
1579 3269 1727 3361 fistula,
1760 3281 1846 3358 suos
1858 3305 1923 3380 erga
1943 3269 2017 3346 cala

683 3392 782 3443 taeam
803 3372 935 3442 furores
958 3368 1159 3466 Cyelopicis
1179 3367 1334 3440 modulis
1351 3368 1519 3450 ludente,
1558 3370 1797 3470 iniquissima
1818 3375 2017 3477 compartum

685 3468 876 3542 contendit.

779 3555 1047 3640 Exhorrestitis,
1070 3558 1201 3641 video,
1225 3560 1425 3637 Auditores.
1475 3565 1547 3636 Vix
1558 3560 1683 3649 mihi,
1715 3574 1792 3646 vix
1801 3561 2015 3648 auribusttllr'u

682 3656 817 3731 habetis
839 3656 956 3730 fidem.
1010 3651 1181 3729 Tantasne
1203 3682 1354 3753 unquam
1371 3658 1546 3756 uspiamve
1562 3663 1597 3732 in
1615 3659 1858 3746 sacratiffima
1873 3665 2018 3746 ontulit

682 3757 787 3843 jurias
809 3754 980 3826 maledico
1003 3778 1062 3824 ore
1087 3755 1225 3834 evomi,
1253 3755 1294 3825 ab
1315 3752 1549 3839 hominibus,
1578 3756 1804 3853 sapientiam
1823 3774 1864 3842 δι
1885 3751 2022 3843 Chrilril·

684 3851 757 3922 rnul
776 3851 981 3949 religionem
990 3847 1162 3948 professis!
1192 3856 1269 3922 lmo
1279 3875 1362 3924 vero
1370 3898 1383 3934 ,
1403 3855 1531 3927 credite
1540 3854 1652 3938 mihi,
1684 3865 1895 3942 Auditores
1907 3915 1918 3949 ‚
1942 3867 2023 3936 &ru-

681 3965 716 4018 ta
736 3944 812 4016 sunt
826 3973 906 4042 quae
919 3947 1019 4029 dixi,
1047 3950 1083 4016 &
1095 3970 1205 4042 pauca
1216 3949 1260 4019 de
1280 3946 1344 4022 isto
1354 3973 1493 4049 genere.
1547 3956 1623 4023 Nec
1639 3956 1739 4031 elam
1756 4009 1769 4044 ,
1803 3965 1907 4063 quod
1925 3951 2024 4036 sonarit

680 4037 926 4137 suspicamini,
955 4047 991 4114 in
1010 4044 1171 4141 angulo,
1199 4045 1291 4142 apud
1318 4049 1501 4137 conjuratae
1524 4044 1619 4121 seelae
1653 4058 1800 4152 mystas
1826 4065 2024 4136 muffitanon:

678 4133 735 4211 sed
756 4139 919 4226 jastantur
938 4143 973 4211 in
987 4142 1154 4238 publico,
1183 4143 1276 4239 typis
1294 4138 1414 4214 excusa
1424 4144 1599 4241 prostant,
1622 4156 1805 4230 omnium
1824 4171 2025 4232 terunturnu

677 4235 801 4315 nibus,
825 4238 882 4318 &,
907 4239 1004 4333 quod
1027 4238 1215 4334 impietatis
1238 4237 1407 4336 fastigium
1427 4239 1495 4323 est,
1522 4267 1587 4339 pro
1606 4269 1682 4322 non
1704 4249 2026 4357 vulgarissapinn'·

676 4356 879 4433 argumento
900 4331 1081 4412 habentur.
1136 4340 1172 4408 Ο
1187 4331 1359 4412 seculum!
1385 4343 1420 4411 O
1441 4337 1578 4414 mores!

1990 4545 2025 4617 At
