4667 5442
1241 484 1962 586 HrsTORlA
2078 483 3177 584 HrERosotYMAE.
3406 486 3603 609 269

925 691 966 715 ““’
1105 666 1567 760 kf'jffffiiffia
1599 712 1618 746 ,
1677 659 1941 736 incensa
1962 711 1983 745 ,
2031 662 2254 733 diruta
2277 690 2314 734 a
2348 665 2520 733 Tito
2555 662 3023 760 Hierosolyma,
3073 687 3233 761 quae
3257 665 3327 735 in
3355 666 3658 761 JudaeaI.
3690 673 3847 732 1733ae

937 764 1001 807 ’Ὗ
1141 743 1274 843 iffi-i
1374 743 1410 767 ᾖ
1488 755 1912 858 supererant,
1971 764 2309 831 Romanae
2372 759 2756 833 fortitudini
2810 763 3118 834 cedentia
3155 808 3176 842 ,
3232 763 3301 832 in
3359 791 3598 836 eorum
3621 750 3916 826 fflmffly·

1496 857 1681 930 brevi
1735 859 1994 932 redacta
2041 853 2191 928 sunt
2229 857 2594 929 ditionem.
2695 861 3009 933 Lucilius
3063 850 3293 928 Bassus
3332 862 3598 959 legatus
3621 851 3704 885 '’²“
3739 868 3758 891 ⁴
3804 824 3955 897 Mafi-

1088 859 1089 862 Ἴ
1173 839 1241 887 '‘a“
1292 855 1298 856 V
1394 815 1418 879 ⁴

908 908 909 916 ἵ
944 903 981 971 ,ἡ
1005 911 1029 943 ²⁵
1198 891 1212 896 Γ
1251 843 1422 995 ⁹AE
1492 956 1503 965 .
3605 905 3740 980 sada
3765 905 3934 961 onmi-

925 970 970 995 ἦ,
1157 999 1206 1047 ,-
1260 971 1330 995 ,.,,,
1370 977 1418 1039 ,Ἰ

1487 981 1551 1023 m
1596 956 1906 1053 Judaeam
1950 950 2177 1024 missus
2242 958 2560 1026 Herodian
2620 952 2971 1029 deditione
3014 956 3193 1052 cepit
3231 986 3251 1031 t
3317 984 3485 1031 mox
3525 962 3706 1039 &um
3732 983 3939 1052 „erup

1389 1040 1398 1056 ⁴
1492 1054 2019 1130 Machaeruntem,
2066 1071 2299 1122 natura
2342 1052 2415 1121 &
2453 1071 2590 1120 arte
2637 1054 3172 1127 munitiffimam.
3277 1054 3596 1128 Restabat
3613 1054 3952 1133 Judaeaemn-

1489 1148 1813 1239 Maffizda,
1863 1172 2073 1243 quam
2121 1145 2439 1218 Herodes
2481 1150 2783 1244 Magnus
2819 1145 2934 1220 fibi
2980 1153 3051 1222 in
3092 1148 3429 1247 refugium
3470 1178 3592 1247 pa·
3611 1132 3878 1225 nitifflqaa,
3952 1170 3969 1178 ·

903 1249 1138 1320 raville
1176 1249 1428 1331 fertur3
1480 1247 1572 1315 du
1628 1245 1743 1317 lex
1780 1244 2165 1343 periculum
2209 1239 2548 1340 suspicans
2585 1272 2605 1315 :
2658 1246 2949 1318 alterum
2976 1273 3012 1317 a
3040 1251 3306 1343 populo
3350 1249 3592 1349 Judai-
3611 1212 3954 1345 ,ἶῖἑζῇἱὶἀ

904 1368 989 1414 co
1014 1389 1035 1422 ,
1073 1366 1158 1412 ne
1187 1388 1207 1422 ,
1254 1337 1320 1412 se
1368 1341 1677 1438 deporto
1702 1388 1721 1422 ,
1781 1368 1868 1415 ex
1916 1343 2054 1413 anti
2113 1364 2359 1413 uorum
2403 1364 2643 1437 regum
2681 1340 3024 1415 stemmate
3065 1343 3365 1441 aliquem
3399 1343 3591 1417 thro·
3609 1363 3806 1432 wihus,
3847 1381 3945 1424 va-

903 1465 1000 1511 no
1045 1439 1434 1533 imponeret
1475 1465 1491 1508 :
1565 1438 1859 1510 alterum
1914 1462 1951 1508 a
2022 1443 2083 1509 C
2119 1459 2396 1533 copatra
2450 1441 2736 1535 AEgypti
2797 1441 3077 1538 regina,
3156 1466 3312 1537 quae
3349 1437 3703 1538 saepiusflf*⁸
3733 1440 3926 1531 1³⁰²?ae-

822 1579 832 1584 -
900 1538 1287 1607 Antonium
1328 1531 1748 1615 obsecravit,
1804 1557 1881 1607 ut
1925 1534 2279 1607 interfecto
2339 1535 2623 1605 Herode
2682 1531 2800 1607 fibi
2857 1560 3143 1635 regnum
3184 1539 3590 1638 Judaeorum
3608 1540 3692 1577 ”¹³
3725 1518 3883 1578 “¹²⁸“

899 1632 1214 1703 donaret.
1320 1636 1489 1704 Haec
1538 1654 1925 1704 extremum
1961 1629 2131 1703 belli
2161 1655 2338 1727 opus
2376 1632 2710 1702 Romanis
2738 1632 2892 1708 fuit.
2994 1641 3282 1706 Praeerat
3324 1659 3487 1708 tunc
3526 1629 3589 1708 ei

894 1728 1270 1807 Eleazarus
1297 1779 1312 1807 ,
1365 1730 1473 1801 vir
1512 1752 1947 1826 praepotens,
2006 1731 2079 1800 δε
2116 1725 2358 1799 excelfi
2397 1728 2605 1799 animi
2647 1755 2664 1799 ε
2719 1730 2840 1821 qui
2879 1727 3235 1827 desperans
3294 1728 3360 1802 se
3405 1755 3591 1804 tuta-

891 1847 1126 1897 turum
1156 1847 1378 1897 arcem
1415 1826 1731 1899 adversus
1781 1826 1999 1899 Flavii
2034 1825 2237 1897 Silvae
2261 1826 2494 1921 copias
2516 1872 2536 1904 ,
2593 1827 2766 1898 truci
2799 1828 3106 1898 oratione
3144 1823 3416 1901 obseffis
3431 1854 3589 1926 per-

893 1919 1094 1995 suafit
1124 1969 1144 2003 ,
1202 1944 1279 1993 ut
1315 1924 1571 1994 mutuis
1611 1920 1677 1997 se
1700 1925 1937 2022 potius
1964 1920 2364 1994 vulneribus
2400 1917 2726 1995 conficere
2766 1968 2788 2003 ,
2844 1947 3054 2020 quam
3089 1926 3292 1997 vivos
3321 1930 3590 2002 Roma-

892 2021 1005 2092 nis
1049 2017 1311 2091 tradere
1352 2019 1659 2093 mallent.
1764 2019 1990 2093 Simul
2029 2019 2212 2090 enim
2239 2017 2392 2090 vale
2434 2041 2821 2092 extremum
2860 2045 3018 2092 cum
3057 2022 3383 2118 amplexu
3404 2049 3586 2097 uxo-

837 2165 852 2176 ·
885 2117 1081 2189 ribus
1122 2117 1479 2199 dicebant,
1534 2120 1608 2189 &
1644 2117 1902 2190 liberos
1955 2117 2239 2215 gremiis
2286 2139 2523 2213 captos
2561 2115 3013 2190 lacrumantes
3059 2114 3581 2194 osculabanturt

894 2217 970 2287 &
1003 2211 1200 2286 simul
1245 2213 1556 2287 volentes
1589 2239 1709 2287 eos
1743 2213 2068 2288 letalibus
2125 2214 2369 2285 ictibus
2411 2207 2846 2311 configebant
2884 2242 2903 2287 ε
2959 2214 3301 2288 malorum
3340 2264 3363 2299 ,
3418 2214 3580 2315 quae

889 2314 1055 2385 visti
1096 2313 1167 2382 &
1200 2312 1341 2381 vivi
1374 2306 1619 2408 passuri
1654 2311 1916 2385 fuerant
1943 2358 1964 2393 ,
2022 2312 2515 2409 cogitationem
2567 2336 2693 2408 pro
2757 2306 3003 2386 solatio
3053 2312 3448 2386 necessitatis
3492 2313 3584 2385 ad

896 2410 1160 2485 caedem
1180 2407 1531 2482 habenteS.
1639 2408 2059 2483 Chariffimis
2079 2411 2172 2481 ita
2194 2408 2603 2505 pignoribus
2623 2405 2759 2480 suis
2776 2447 2800 2490 ·,
2858 2436 2944 2482 ex
2978 2435 3183 2491 mera,
3238 2433 3316 2481 ut
3343 2410 3587 2482 reban-

789 2557 804 2564 -
884 2529 1043 2587 tur,
1099 2509 1350 2602 pietate
1386 2506 1737 2578 trucidatis
1772 2554 1792 2588 ,
1848 2501 2171 2578 uni-versis
2208 2506 2409 2577 bonis
2446 2508 2677 2601 ignem
2721 2506 3035 2595 injiciunt
3073 2534 3090 2579 ε
3148 2508 3218 2578 &
3269 2504 3445 2579 sorte
3477 2506 3583 2579 le-

886 2603 1012 2674 Ctis
1052 2603 1288 2676 decem
1321 2598 1760 2700 'superstitum
1795 2606 2111 2674 omnium
2155 2595 2655 2700 percussoribus
2682 2648 2705 2684 ,
2760 2600 3045 2675 universi
3080 2624 3358 2701 propter
3401 2603 3582 2676 libe-

883 2725 1003 2773 ros
1044 2703 1116 2772 &
1176 2702 1505 2798 conjuges
1553 2699 1920 2797 prostratos
1977 2694 2335 2797 compositi
2380 2744 2402 2780 ,
2459 2695 2714 2795 eosque
2772 2701 3133 2773 tenerrime
3194 2700 3575 2796 complexi,

885 2820 1127 2896 parato
1167 2793 1230 2867 se
1272 2799 1506 2869 animo
1550 2797 1942 2869 maCtandos
1971 2797 2305 2895 praebent.
2411 2798 2693 2868 Cunftis
2723 2798 2815 2869 ita
2850 2792 3113 2879 occifis,
3171 2796 3405 2867 decem
3442 2797 3578 2880 illi,

892 2893 1184 2966 eandem
1225 2891 1422 2967 sortis
1444 2894 1673 2992 legem
1711 2897 1783 2968 in
1807 2891 1917 2965 sua
1941 2919 2224 2991 quoque
2246 2914 2468 2965 morte
2494 2892 2864 2966 statuerunt
2884 2902 2932 2976 ,'
2960 2916 3039 2965 ut
3061 2895 3169 2965 cui
3200 2889 3571 2991 obtigisset,

882 3016 1146 3065 novem
1192 2993 1516 3089 peremtis
1593 2989 1807 3064 semet
1885 2988 2081 3090 super
2134 3017 2252 3063 eos
2326 2989 2692 3064 occideret.
2837 2997 2939 3064 Ita
3004 3015 3244 3063 omnes
3300 2985 3367 3061 se
3424 2991 3576 3063 neci

878 3084 1383 3185 supposuerunt
1424 3117 1446 3163 ι
1498 3112 1781 3187 excepta
1820 3114 1953 3161 una
1992 3115 2125 3160 anu
2164 3138 2185 3169 ‚
2242 3112 2401 3160 cum
2443 3089 2756 3185 quinque
2796 3088 3024 3186 pueris
3063 3132 3086 3169 ,
3144 3112 3299 3183 quae
3351 3113 3437 3159 ex
3477 3086 3582 3158 la-

879 3187 1098 3261 tebris
1131 3233 1152 3268 ,
1208 3185 1465 3284 quibus
1493 3181 1558 3258 se
1586 3184 1983 3267 abdiderat,
2036 3184 2301 3283 postera
2328 3183 2437 3254 die
2465 3184 2792 3280 prodiens
2819 3232 2843 3266 ,
2897 3209 3179 3255 vacuam
3207 3187 3571 3264 Romanis,

879 3284 970 3356 ad
1010 3304 1268 3354 tantam
1306 3278 1845 3380 desperationem
1871 3282 2315 3378 stupentibus,
2349 3305 2573 3352 arcem
2596 3279 2916 3353 ostendit.
3019 3279 3285 3361 Simile,
3324 3305 3576 3376 quam-

878 3383 990 3453 vis
1020 3404 1161 3450 non
1203 3405 1324 3477 par
1346 3427 1367 3460 ,
1425 3385 1917 3476 Capuanorum
1954 3378 2217 3452 civium
2261 3375 2663 3474 exemplum
2701 3377 2859 3451 vide
2892 3376 3078 3476 apud
3115 3379 3379 3452 Livium
3424 3372 3574 3449 Lib.

874 3500 1105 3554 xxvi.
1137 3485 1535 3571 Cap.x111.
1575 3502 1740 3549 xiv,
1782 3501 1902 3551 xv·
3614 3539 3622 3547 ,

1079 3579 1174 3646 Π.
1227 3573 1495 3645 Eodem
1534 3596 1846 3678 tempore
1895 3567 2327 3671 Vespasianus
2362 3574 2452 3645 ad
2496 3571 2855 3646 Liberium
2892 3574 3307 3648 Maximum·
3332 3619 3356 3655 ,
3409 3593 3570 3647 tunc
3586 3574 3666 3634 11·
3700 3571 3887 3635 Tm*

869 3676 1439 3752 Procuratorem,
1496 3666 1781 3770 scriplit,
1837 3695 1919 3743 ut
1954 3696 2229 3743 omnem
2281 3691 2534 3744 terram
2564 3671 2971 3769 Judaeorum
3022 3671 3394 3745 venderet:
3447 3646 3796 3783 ne-Jffif‘

793 3840 800 3845 ,
878 3792 1020 3865 que
1058 3768 1236 3840 enim
1268 3768 1483 3841 ullam
1524 3769 1592 3841 in
1641 3794 1717 3839 ea
1751 3768 1959 3840 condi
1996 3769 2346 3840 civitatem
2383 3767 2610 3838 voluit
2648 3813 2669 3846 ,
2723 3771 3084 3864 proprium
3141 3765 3261 3840 fibi
3305 3763 3572 3841 servans
3587 3746 3837 3871 {³32spssss

876 3888 1120 3937 eorum
1154 3888 1418 3962 agrum.
1522 3864 1706 3937 Solis
1746 3866 2151 3961 oCtingentis
2194 3863 2536 3937 militibus
2569 3861 2711 3935 illic
2753 3864 3042 3946 relictis,
3099 3862 3330 3939 locum
3377 3865 3573 3938 dedit
3592 3880 3880 3956 Pataestznae

874 3986 1092 4057 quem
1136 3962 1512 4034 incolerent
1545 4008 1567 4042 ,
1625 3962 1749 4058 qui
1809 3960 2176 4035 vocabatur
2232 3966 2532 4035 Emmaus
2566 4008 2589 4043 ,
2645 3962 2718 4032 &
2781 3960 3067 4034 distabat
3130 3961 3570 4059 Hierosogyma
3589 3962 3886 4037 metropolis

872 4083 1029 4133 xxx
1084 4056 1310 4129 stadiis
1374 4085 1397 4131 x
1487 4080 1757 4130 mutato
1835 4079 2063 4128 autem
2170 4059 2308 4129 anti
2367 4083 2468 4129 uo
2574 4059 2856 4130 nomine
2936 4104 2959 4140 ,
3062 4063 3138 4133 &
3201 4084 3388 4132 novo
3485 4056 3787 4135 exm'm·

876 4178 1073 4252 parta
1108 4154 1389 4226 vitloria
1424 4154 1652 4228 indito
1689 4201 1713 4235 ,
1769 4154 2101 4249 Nicopoltis
2137 4084 2522 4251 appeilatus
2558 4153 2711 4225 fuit.
2812 4156 3092 4228 Interim
3124 4156 3400 4245 Cesarea
3422 4184 3574 4236 ma-

869 4251 1103 4324 ritima
1128 4296 1151 4331 ,
1210 4250 1382 4323 olim
1425 4251 1646 4326 Turris
1687 4256 1992 4324 Stratonis
2039 4251 2213 4323 dicta
2240 4249 2296 4331 ,'‘
2317 4250 2439 4320 ubi
2474 4252 2725 4324 necatis
2749 4276 2943 4324 antea
2981 4252 3243 4351 Judaeis
3269 4299 3291 4335 ,
3344 4257 3578 4352 genti-

872 4346 983 4420 les
1009 4349 1131 4443 qui
1176 4372 1323 4418 eam
1350 4348 1739 4422 incolebant
1780 4372 2005 4420 rerum
2041 4348 2528 4446 potiebantur,
2586 4348 2800 4419 totius
2820 4348 3188 4424 Palaestinae
3214 4373 3575 4450 metropo-

865 4442 959 4525 lis
999 4439 1313 4523 remanfit
1349 4472 1372 4523 a
1422 4447 1496 4521 &
1538 4446 1631 4519 ob
1682 4447 2031 4549 egregiam
2070 4472 2110 4521 a
2144 4445 2412 4519 civibus
2451 4466 2768 4523 navatam
2808 4468 3041 4549 contra
3083 4446 3374 4551 Judaeos
3399 4473 3572 4544 ope-

2157 4590 2178 4596 --
2218 4540 2332 4621 LI
2383 4562 2423 4639 3
3388 4567 3568 4633 ram,

3898 1604 3939 1616 κ

3840 1711 3895 1741 s
