4667 5442
684 322 1901 594 -r

537 702 637 816 712
865 674 1085 767 Onarro
1121 667 1298 765 Inane.
1332 669 1569 764 Lemana.

523 844 661 922 aliunde
681 842 724 916 iis
742 835 947 938 patefadum
966 829 1026 919 srt,
1052 835 1158 906 animi
1180 826 1311 906 sensum
1327 855 1443 907 coram
1456 829 1621 934 dedere,
1649 821 1746 906 salva
1759 829 1864 906 mode.

490 993 495 1005 ·
525 944 585 1020 llia
596 989 608 1025 ,
660 960 791 1014 romere
810 934 860 1008 sas
880 930 947 1006 est:
974 955 1043 1028 qua
1060 929 1218 1003 libertate
1237 931 1300 1026 qui
1317 951 1377 1004 eoa
1391 930 1523 1026 privat,
1551 926 1697 1010 perinde
1709 927 1809 1012 facit,
1832 951 1863 1004 ut

526 1044 563 1118 in
585 967 813 1111 Helraeorum
834 1027 880 1104 est
907 1027 1069 1126 adagiis,
1099 1051 1137 1100 ac
1156 1023 1181 1100 fi
1201 1021 1312 1100 filium
1335 1024 1479 1099 familias
1509 1048 1640 1100 arceret
1659 1049 1680 1096 a
1714 1025 1865 1100 cernenda

526 1134 722 1210 haereditate
742 1149 891 1227 paterna.
941 1121 1121 1197 Modestus
1132 1125 1249 1218 itaque
1260 1121 1468 1220 Theologus
1480 1115 1538 1194 sua
1552 1123 1684 1196 nemini
1698 1121 1867 1196 vehemen-

526 1254 577 1307 ter
590 1229 765 1308 obtrudit,
793 1248 854 1297 nec
870 1221 912 1295 ab
933 1218 1009 1294 aliis
1029 1213 1165 1293 obtrusa
1204 1218 1325 1291 avidus
1346 1213 1572 1316 credulusque
1595 1213 1681 1291 susci
1711 1219 1767 1293 it:
1793 1241 1866 1292 atta·

527 1353 607 1402 men
622 1350 666 1400 ex
684 1324 831 1398 aliorum
844 1317 990 1392 inventis
1007 1337 1099 1389 amat
1113 1243 1298 1413 proicere,
1325 1314 1520 1411 iisdemque
1538 1313 1576 1386 id
1596 1243 1708 1405 quod
1715 1313 1867 1390 debctlu·

528 1425 647 1498 benter
668 1424 705 1495 δι
720 1440 819 1517 grato
832 1417 946 1488 animo
958 1435 1136 1509 acceptum
1153 1412 1228 1486 fert.
1279 1415 1333 1485 Ex
1361 1410 1501 1510 plagio,
1532 1411 1624 1485 male
1647 1409 1866 1494 diffimulan,

528 1516 704 1617 congestas
722 1511 988 1607 jastaredivitias
999 1555 1010 1592 ,
1031 1510 1173 1582 aliarum
1193 1506 1226 1582 se
1239 1508 1355 1581 avium
1365 1508 1494 1605 plumis
1505 1532 1700 1591 exornare,
1729 1509 1868 1584 interim·

532 1641 600 1715 que
614 1618 734 1729 primae
745 1610 915 1775 vindicape
925 1608 1133 1679 inventionis
1145 1605 1293 1775 gloripm
1303 1650 1315 1686 ,
1317 1603 1495 1774 Tridicuppe
1507 1604 1687 1716 cujusdam
1695 1651 1707 1689 ,
1737 1601 1866 1772 ipsuqurp

530 1714 627 1881 sitiit
638 1705 1333 1903 lplsgtcllsastsdlldcaem’enlllssdsllstlseplotiani
1347 1725 1545 1894 silliilplsrlr
1556 1726 1592 1879 l,n
1605 1723 1866 1898 cmprerltpgnpnrppfi.

535 1928 632 1979 mum
661 1903 897 1996 Hieronymus
924 1893 1148 1994 Epitaphium
1168 1889 1295 1993 scripsit
1319 1918 1330 1979 3
1368 1895 1427 1966 ubi
1446 1895 1577 1966 caeteris
1597 1893 1763 1969 laudibus
1783 1889 1866 1992 ipfiur

535 1999 621 2073 hanc
654 2021 829 2096 quoque,
866 1992 910 2065 de
928 2017 996 2090 qua
1021 2015 1110 2064 nunc
1135 1993 1301 2090 agimus,
1334 1987 1510 2063 modelliae
1537 1989 1681 2064 laudem
1703 1988 1770 2065 ads
1785 1991 1865 2106 ergit·

533 2097 704 2190 Quamvis
717 2092 934 2191 Nepotianus
946 2089 1007 2162 ille
1018 2088 1148 2162 lellirae
1157 2089 1535 2186 cffrdcadmeditarioac
1544 2092 1698 2164 diuturna
1704 2109 1746 2188 pc
1814 2083 1864 2184 epse

528 2194 623 2286 snum
642 2190 871 2268 Bibliothecam
883 2183 1010 2278 fecerat
1023 2183 1162 2269 carini,
1186 2205 1290 2257 ramea
1313 2188 1442 2277 ingenae
1453 2189 1574 2279 pudore
1586 2190 1645 2284 quc·
1660 2185 1791 2261 ornabar
1804 2203 1862 2258 aaa·

532 2310 621 2372 tera,
645 2283 924 2386 quidcujaceffet,
940 2279 1356 2378 firnplicr'rercnnfirebarar.
1406 2286 1515 2376 Atque
1526 2281 1584 2356 hoc
1595 2287 1688 2356 mode
1698 2281 1861 2358 erudiri&

528 2387 667 2483 gloriam
680 2386 859 2460 declinanda
870 2378 1046 2452 habebatur
1055 2379 1280 2474 eradiciffimra.
1329 2379 1429 2458 Illud,
1445 2376 1568 2468 ajebat,
1585 2377 1784 2460 Tertulliani,
1799 2375 1861 2462 illel

533 2485 709 2581 cypriani,
727 2478 978 2557 hocLarlaar'i,
1001 2475 1076 2548 idua
1087 2474 1212 2550 Hilarii
1226 2471 1276 2558 ess.
1326 2479 1378 2547 Sic
1390 2477 1549 2548 Minuciae
1570 2476 1691 2558 Felix,
1715 2481 1761 2552 ira
1774 2472 1858 2552 Vae

532 2585 641 2661 rinus,
666 2583 699 2652 in
714 2581 795 2651 hunc
807 2575 1061 2650 modumlacaraa
1076 2571 1118 2656 est
1129 2568 1301 2646 Amabira.
1350 2571 1468 2646 Pulcre
1481 2572 1681 2646 enimvero!
1708 2600 1746 2652 ac
1761 2571 1857 2650 lauda-

535 2675 671 2750 biliter!
699 2682 782 2748 Non
803 2696 917 2746 tamen
937 2671 1066 2743 idcirco
1086 2668 1348 2743 existimandum
1363 2666 1432 2750 est,
1460 2667 1641 2743 modestiae
1660 2672 1754 2771 leges
1771 2670 1807 2742 ab
1822 2689 1853 2738 ro

538 2774 698 2869 migrari,
729 2774 791 2868 qui
805 2772 839 2840 in
859 2768 1038 2841 uastandis
1058 2767 1196 2838 Divinis
1222 2765 1451 2838 columinibus
1471 2759 1604 2838 summa
1625 2764 1853 2867 diligentiadt'u

537 2870 761 2962 multumque
780 2861 948 2943 versatus,
977 2864 1109 2957 aliquid
1122 2865 1154 2934 in
1166 2866 1209 2935 iis
1223 2861 1469 2958 deprehendit,
1498 2862 1595 2944 aliis,
1619 2890 1781 2962 quantum
1790 2884 1853 2935 cou-

535 2962 619 3043 stat,
647 2963 803 3034 nondum
821 2959 1109 3040 animadversum,
1138 2960 1296 3056 illudque
1315 2961 1360 3031 ad
1377 2983 1599 3031 communem
1617 2959 1853 3038 aedificationem
1902 3029 1904 3034 ,

535 3057 678 3136 candide
696 3057 852 3129 fratribus
870 3056 1035 3150 impertit.
1087 3056 1182 3128 Male
1217 3056 1344 3128 refecto
1359 3080 1438 3128 cum
1450 3054 1655 3132 liberalibus
1665 3057 1853 3154 agereturin·
1902 3075 1904 3104 ⁵

533 3156 666 3257 geniis,
687 3150 731 3235 sr,
750 3152 926 3225 interdieta
949 3151 992 3223 iis
1012 3150 1100 3224 ultra
1120 3174 1177 3224 ten
1205 3152 1282 3224 endi
1305 3152 1495 3235 facultate,
1532 3151 1621 3228 nihil
1640 3157 1673 3228 in
1698 3155 1856 3254 publicum

535 3250 687 3351 proferte
705 3249 823 3324 liceret
844 3295 856 3331 ,
894 3249 989 3338 cujus
1007 3273 1077 3322 non
1106 3249 1214 3322 alium
1235 3272 1312 3323 ante
1333 3246 1365 3321 se
1381 3253 1552 3323 austorem
1572 3252 1704 3324 laudare
1719 3253 1854 3348 quirent.

534 3346 747 3444 Peslrmeque
766 3339 958 3422 consultum
979 3340 1145 3419 suilletrei
1160 3345 1408 3445 Theologicae,
1436 3341 1460 3417 sr
1482 3349 1603 3422 eadem
1624 3347 1698 3446 lege
1716 3342 1859 3420 vixissent

533 3446 681 3536 majores
696 3443 811 3519 nostri.
864 3447 898 3514 Ο
913 3467 1019 3539 quam
1038 3443 1156 3516 multis
1170 3469 1207 3516 ac
1228 3444 1394 3538 praeclaris
1417 3467 1609 3518 careremus
1635 3443 1860 3518 observationi·

534 3544 623 3625 bus,
651 3565 737 3639 quas
757 3565 845 3613 nunc
862 3561 1026 3635 tanquam
1047 3534 1146 3612 sacrae
1164 3541 1365 3613 eruditionis
1382 3544 1575 3638 gemmulas
1596 3540 1760 3639 quasdam
1772 3539 1861 3640 suspi·

533 3635 663 3717 cimus!
689 3636 859 3711 Nondum
872 3637 918 3707 ita
931 3634 1097 3709 exhaustae
1108 3638 1312 3708 Divinarum
1331 3637 1505 3710 literarum
1519 3640 1726 3714 aurifodinae
1739 3635 1819 3721 sunt,
1830 3657 1861 3708 ut

533 3762 603 3809 non
626 3734 745 3808 sedulo
760 3729 984 3808 scrutantibus
1001 3735 1084 3805 novi
1097 3757 1187 3829 quos
1199 3735 1365 3827 reperiant
1375 3731 1543 3817 thesauri,
1570 3736 1722 3835 dignum
1732 3737 1862 3836 diligen·

533 3835 580 3904 tia
600 3829 658 3902 sua
671 3831 875 3927 praemium,
901 3823 1073 3923 supersint.
1123 3834 1240 3918 Quam
1259 3855 1358 3903 novae
1376 3834 1585 3906 inventionis
1603 3836 1769 3918 laudem,
1793 3855 1863 3906 cun·

535 3931 595 4000 cus
614 3923 823 4023 expositam,
850 3919 1063 4020 adspernari,
1090 3950 1160 3997 non
1179 3925 1344 4009 modesti,
1365 3924 1422 3999 sed
1433 3923 1542 4026 segnis
1553 3931 1711 4028 ingenii,
1733 3951 1865 4004 camau-

534 4044 605 4094 tcm
625 4024 701 4095 aliis
720 4024 892 4102 invidere,
921 4020 1084 4093 malevoli
1097 4024 1201 4094 animi
1215 4049 1249 4095 ar
1275 4047 1452 4096 umentum
1475 4023 1533 4100 est.
1589 4030 1656 4105 Uti
1679 4055 1742 4103 nee
1760 4027 1864 4102 mode-

532 4115 603 4191 lliae
617 4121 785 4214 imputare
808 4117 934 4198 velim,
964 4119 1084 4215 quod,
1112 4144 1217 4216 quem
1243 4044 1344 4192 semel
1363 4120 1551 4195 studiorum
1570 4125 1697 4199 ducem
1721 4124 1786 4198 seue
1803 4116 1864 4199 talu

534 4219 649 4286 nasius
668 4212 733 4297 srs,
760 4209 827 4286 slve
841 4214 970 4304 judicio
989 4215 1157 4313 elegeris,
1184 4219 1328 4290 sumita
1341 4217 1405 4289 tibi
1424 4220 1460 4292 in
1479 4223 1644 4295 omnibus
1666 4219 1863 4321 sequendum

533 4331 658 4408 putes,
684 4334 724 4382 ut
744 4335 787 4382 ne
803 4308 911 4383 latum
931 4311 1075 4407 quidem
1095 4337 1140 4384 un
1167 4336 1247 4386 uem
1263 4311 1306 4384 ab
1325 4313 1419 4386 illius
1437 4317 1575 4390 recedas
1596 4319 1749 4416 placitis.
1796 4315 1864 4396 Pul·

533 4429 629 4482 crum
646 4405 692 4478 est
708 4405 987 4502 quodGalenum
1000 4401 1126 4482 chosr
1152 4410 1236 4483 onio
1256 4405 1425 4483 tradidisse
1445 4415 1609 4496 memini,
1639 4413 1864 4496 MALUlSSE

529 4503 641 4582 EUM
677 4505 876 4575 SECTAM
911 4505 1059 4592 QUAM
1092 4509 1381 4580 VERITATEM
1412 4511 1673 4586 DESERERE.
1728 4513 1862 4590 Astnou

529 4623 659 4708 paucos
668 4593 992 4680 hodiesrcridemus
1003 4596 1065 4679 elle
1076 4603 1266 4693 annuatur,
1294 4605 1378 4680 utin
1391 4606 1507 4712 omnia
1516 4607 1732 4710 magistrisui
1742 4613 1862 4782 diduaff,

1779 4735 1801 4786 n
1844 4724 1862 4776 a
