4667 5442
496 405 513 438 X

627 485 703 583 Dr
740 489 882 583 Vrrn
916 484 1183 604 Jorrnuurs
1226 487 1512 584 Brrrrsrn.
1671 506 1783 616 427„

431 627 605 743 baptt‘aat,
625 649 767 728 (recte,
791 644 889 745 quod
909 647 1063 720 animum
1081 644 1234 721 nostrum
1244 649 1334 730 urit,
1363 650 1493 815 quippe
1506 670 1586 722 cum
1602 645 1702 720 famae
1712 669 1782 722 tuae

434 745 616 841 dispendio
635 745 788 834 jundum
801 790 812 825 ,
841 749 1091 816 omnesomiunt
1109 748 1240 819 adeum.
1292 750 1367 816 Eun
1395 771 1449 818 ern
1460 745 1515 820 hic
1527 743 1613 817 mihi
1626 747 1780 819 animum

434 845 471 915 in
495 844 655 915 ferventis
672 837 842 937 sanguinis
854 840 1037 928 juvenibus
1058 841 1174 914 videre
1192 840 1335 923 videor,
1364 844 1426 937 qui
1440 843 1529 913 olim
1542 838 1692 941 inJosua
1706 842 1782 914 elu-

435 942 509 1021 xit,
537 963 646 1035 quum
665 938 837 1009 Eldadum
856 940 893 1009 &
910 937 1102 1011 Medadum
1122 941 1158 1010 in
1173 938 1286 1012 castris
1305 930 1427 1029 injussu
1446 935 1553 1011 Mosrs
1571 937 1782 1037 prophetan-

435 1057 487 1108 tes
507 1057 681 1116 cerneret,
708 1034 868 1132 illudque
887 1057 1050 1132 tanquam
1070 1059 1144 1109 rem
1163 1061 1237 1110 non
1254 1033 1428 1110 ferendam
1447 1031 1540 1107 Mosr
1559 1037 1781 1111 renunciaret.
1886 1075 1891 1090 ι
1975 1037 1985 1053 ’

433 1138 785 1214 Num.x1:27,28.
1807 1157 1808 1161 ¹
1973 1185 1977 1194 .

532 1233 669 1300 Lxrx.
699 1234 746 1299 At
765 1251 834 1324 qua
847 1222 1285 1329 aequitateMosesJosuae,
1313 1228 1433 1302 eadem
1444 1226 1618 1331 Johannes
1631 1225 1958 1328 discipu-mpura·

432 1324 478 1399 lis
497 1321 672 1422 respondit
688 1319 768 1396 suis.
824 1327 978 1420 Negavit
994 1325 1105 1398 virum
1126 1321 1328 1424 religiosum
1348 1326 1491 1406 decere,
1519 1326 1646 1425 utplus
1656 1324 1717 1399 srbi
1727 1337 1887 1401 arr-clarum
1908 1329 1958 1391 hee

434 1446 562 1520 roget,
590 1446 695 1517 quam
712 1419 845 1493 coelitus
863 1421 982 1493 datum
999 1419 1058 1493 est.
1110 1428 1150 1493 ln
1163 1421 1326 1494 omnibus
1338 1418 1623 1520 acquiescendum
1642 1408 1916 1539 effebi-⁰⁶‘2ssml

433 1522 525 1591 vinae
547 1517 799 1599 Providentiae,
827 1519 864 1587 δι
885 1517 1007 1612 procul
1028 1519 1160 1590 invidia
1180 1514 1441 1615 obsequendum
1464 1525 1555 1593 Deo.
1608 1527 1683 1593 Vos
1706 1481 1827 1619 ipsuis
1840 1502 1958 1632 {m

434 1619 552 1713 inquit
564 1661 575 1695 ,
597 1613 696 1686 testes
716 1611 804 1686 mihi
823 1612 921 1695 estis,
949 1616 1096 1713 ingenue
1122 1641 1179 1688 nre
1198 1612 1383 1712 professum
1404 1613 1465 1686 elle
1486 1663 1496 1696 ,
1524 1619 1623 1713 quod
1646 1618 1945 1711 Meffisssttmnm,

435 1739 507 1783 non
531 1707 613 1794 fim,
641 1707 699 1781 sed
714 1736 854 1782 omnem
874 1711 978 1782 officii
1000 1713 1068 1782 mei
1088 1715 1258 1784 rationem
1279 1714 1314 1783 in
1335 1737 1378 1783 eo
1396 1708 1600 1795 consistere,
1629 1739 1668 1786 ut
1687 1718 1782 1788 viam

435 1805 499 1902 ipsi
522 1808 776 1903 complanarem
788 1852 800 1888 ,
828 1810 864 1878 &
883 1807 1085 1905 Judaeorum
1108 1810 1245 1880 animos
1265 1808 1402 1881 adeum
1423 1811 1665 1906 excipiendum
1684 1837 1783 1908 para-

435 1930 524 1977 rem.
579 1900 651 1999 lpse
671 1898 812 1999 sponsus
832 1900 898 1977 est:
925 1901 947 1973 s
963 1899 1080 1975 onsam
1100 1906 1208 2003 igitur
1226 1901 1287 1977 fibi
1309 1904 1515 1978 collocatam
1533 1903 1626 1980 solus
1644 1906 1781 1982 lrabeat.

436 2004 513 2096 Ego
534 2025 604 2072 non
622 1995 682 2071 nisr
703 2001 833 2071 amicus
845 1930 961 2097 sponsi
972 2028 981 2073 r
1011 2024 1118 2095 quem
1128 1998 1348 2074 vehementer
1360 2002 1468 2094 laetari
1479 2026 1627 2100 oportet,
1647 2000 1785 2102 srspon-

433 2093 509 2168 sum
524 2100 560 2169 in
586 2091 717 2193 sponsae
736 2121 852 2168 amore
883 2121 921 2169 ac
938 2095 1117 2169 blanditiis
1137 2098 1270 2195 oppido
1286 2095 1347 2170 fibi
1370 2098 1502 2196 placere
1519 2100 1783 2177 animadvertat.

436 2199 594 2266 Tantum
609 2192 722 2274 abest,
749 2216 788 2265 ut
810 2190 883 2265 ulla
901 2194 994 2291 tangi
1013 2190 1114 2265 liceat
1131 2194 1275 2268 invidia.
1326 2196 1408 2267 Tali
1425 2219 1492 2293 ego
1518 2221 1608 2270 nunc
1628 2221 1788 2271 tommo-

434 2315 519 2362 veor
538 2290 700 2371 adfetlu,
728 2315 839 2386 quum
859 2291 1020 2390 intelligo
1035 2315 1135 2371 eum,
1164 2292 1219 2363 cui
1239 2290 1473 2364 testimonium
1494 2291 1681 2390 perhibui,
1709 2315 1786 2366 tan-

437 2409 477 2459 to
496 2412 575 2459 curn
590 2386 755 2459 confluxu
776 2386 927 2459 alacriter
937 2408 1076 2460 munere
1093 2382 1155 2458 suo
1170 2386 1328 2485 defungi.
1380 2396 1431 2460 lta
1444 2414 1498 2461 res
1515 2411 1712 2485 comparata
1724 2388 1783 2473 est,

436 2505 477 2554 ut
494 2478 606 2579 ipsum
621 2479 795 2565 crescere,
824 2509 881 2554 me
903 2486 1013 2557 minui
1026 2505 1209 2580 oporteat3
1235 2488 1286 2556 uti
1295 2486 1503 2580 procedente
1514 2486 1594 2558 Sole
1604 2482 1788 2583 Phospho-

435 2582 465 2654 ri
489 2579 639 2655 hebescit
652 2581 760 2671 jubar.
811 2575 885 2676 lpse
894 2577 1100 2655 immensum
1111 2601 1279 2677 quantum
1297 2583 1332 2652 in
1344 2581 1509 2655 omnibus
1523 2607 1579 2655 me
1591 2584 1702 2672 major
1716 2581 1784 2657 est:

438 2677 584 2751 coelestis
603 2679 737 2775 quippe
764 2678 934 2774 originis3
959 2677 1112 2775 ideoque
1131 2672 1230 2774 supra
1256 2681 1416 2751 omnium
1436 2679 1637 2753 mortalium
1658 2673 1787 2753 sortem

463 2773 589 2861 osrtus3
614 2798 680 2872 ego
699 2776 761 2869 qui
781 2799 798 2845 e
819 2797 908 2846 terra
929 2771 1004 2847 sum
1024 2822 1036 2857 ‚
1064 2798 1179 2847 merus
1196 2772 1329 2858 homo,
1358 2774 1552 2874 eodemque
1578 2800 1652 2873 quo
1671 2778 1787 2849 caeteri

434 2801 597 2947 bomines
616 2872 726 2944 modo
745 2895 869 2953 natus,
899 2897 937 2946 ea
957 2894 1092 2945 tantum
1107 2871 1257 2968 proferre
1276 2868 1434 2970 possum,
1462 2899 1542 2972 quae
1564 2895 1661 2947 terrae
1681 2871 1788 2963 hujus

435 2969 561 3043 incolis
574 2969 687 3042 ditere
704 2966 753 3041 sa's
769 2967 829 3041 est.
881 2969 946 3043 llle
957 2994 1038 3067 quae
1053 2970 1143 3042 vidit
1159 2992 1263 3068 atque
1281 2971 1414 3045 audivit
1430 2997 1448 3042 a
1475 2971 1524 3042 ud
1537 2978 1673 3044 Patrem
1683 2970 1791 3055 coele-y

432 3066 519 3141 stem
540 3065 848 3164 commemorandi
856 3064 1052 3140 facultatem
1073 3064 1203 3154 habet:
1230 3090 1309 3166 quae
1324 3094 1396 3140 non
1423 2996 1503 3140 ideo
1521 3070 1636 3140 minus
1652 3090 1733 3139 vera
1746 3090 1787 3139 ac

435 3186 526 3237 terta
545 3158 621 3233 sunt
640 3208 652 3244 ,
680 3161 778 3259 quod
796 3165 1057 3257 a‘paucioribus
1072 3187 1180 3260 quam
1192 3189 1252 3259 par
1269 3163 1314 3235 est
1327 3163 1565 3236 admittantur.
1614 3162 1790 3259 Quisquis

435 3282 554 3332 autem
568 3259 759 3332 doslrinam
781 3259 854 3347 ejus
869 3260 1114 3355 amplettitun
1143 3261 1172 3330 is
1191 3257 1414 3354 adstipulatur
1426 3263 1526 3339 Deo,
1556 3261 1593 3330 &
1605 3253 1789 3355 profitetur
1813 3337 1815 3341 ,

432 3354 470 3432 se
490 3379 611 3426 verum
630 3354 842 3435 existimare,
870 3354 1192 3453 quidquidaDeo,
1246 3356 1283 3425 ui
1299 3350 1456 3451 suprema
1471 3354 1652 3427 veritasest
1661 3400 1674 3437 ‚
1702 3379 1787 3451 pro·

436 3448 610 3529 ficiscitur.
661 3453 725 3523 Vir
741 3453 833 3523 enim
851 3452 935 3535 ille,
963 3475 1070 3549 quem
1094 3456 1192 3522 Deus
1213 3380 1371 3548 sngulari
1390 3449 1586 3525 instructum
1605 3452 1786 3549 potestate,

436 3549 555 3642 qualis
578 3547 666 3621 nulli
694 3546 848 3645 unquam
874 3543 1024 3623 contessa
1045 3547 1184 3621 mortali
1203 3545 1273 3630 est,
1302 3570 1360 3620 aut
1376 3547 1519 3623 concedi
1539 3549 1639 3620 etiam
1652 3546 1786 3648 potest,

435 3647 481 3721 ad
501 3645 659 3719 homines
676 3640 784 3727 misit,
839 3644 1087 3746 uotiescunque
1104 3644 1149 3717 de
1161 3645 1264 3718 rebus
1275 3646 1413 3718 Divinis
1427 3645 1466 3717 lo
1493 3647 1605 3728 uitur,
1634 3667 1786 3724 nontam

437 3743 581 3818 humani
607 3743 714 3814 animi
739 3737 790 3815 sui
808 3670 927 3826 linfa„
954 3769 1065 3842 quam
1087 3743 1215 3817 Divina
1238 3741 1353 3815 fundit
1373 3669 1535 3828 oracula,
1560 3744 1691 3840 quippe
1706 3744 1785 3840 qui,

439 3867 511 3916 non
530 3863 569 3915 ut
589 3839 648 3912 alii
661 3839 846 3923 homines,
872 3841 930 3915 vel
944 3840 1126 3940 Prophetae
1145 3843 1273 3921 etiam,
1301 3832 1487 3912 secundum
1498 3834 1691 3912 mensuram
1704 3864 1786 3938 gra·

435 3941 496 4012 tiae
519 3934 657 4035 singulis
677 3934 850 4010 destinatae
861 3984 873 4020 ,
898 3935 958 4010 sed
975 3933 1074 4035 supra
1095 3932 1287 4010 mensuram
1304 3961 1445 4009 omnem
1465 3982 1477 4019 ,
1504 3937 1632 4033 Spiritu
1646 3942 1714 4010 Dei
1728 3937 1786 4013 lo·

436 4032 702 4134 cupletatusest.
753 4040 852 4107 Pater
869 4037 961 4108 eninr
980 4029 1138 4107 inusitato
1155 4029 1293 4132 prorsus
1312 4058 1430 4106 amore
1444 4058 1523 4106 eum
1542 4029 1640 4132 prose
1669 4034 1783 4117 uitur,

434 4135 625 4227 omniaque
637 4129 797 4229 potestati
813 4127 916 4228 ipsius
935 4127 1101 4209 subdidit.
1150 4132 1321 4227 Qrisquis
1337 4132 1349 4200 i
1376 4132 1444 4203 itur
1462 4127 1541 4204 huic
1550 4131 1601 4202 uti
1612 4058 1703 4204 Filio
1712 4132 1785 4205 Dei

438 4228 569 4310 credit,
591 4231 620 4301 is
638 4229 746 4303 vitam
764 4225 991 4326 consequetur
1002 4250 1186 4310 aeternam,
1206 4229 1323 4320 cujus,
1342 4155 1497 4300 abinitio
1512 4223 1594 4300 fidei
1606 4221 1685 4309 suae,
1695 4251 1784 4326 gau·

436 4326 537 4397 debit
579 4327 729 4399 rimitiis.
778 4328 989 4424 Quicunque
1015 4351 1098 4400 vero
1118 4349 1198 4396 eum
1217 4324 1471 4421 repudiaverit,
1496 4327 1527 4398 is
1545 4326 1627 4398 vitae
1648 4345 1786 4399 aeternae

434 4350 637 4524 pollessione
662 4420 851 4514 exclusus,
877 4424 1018 4501 meritas
1032 4444 1150 4598 atqup¹1
1160 4438 1302 4592 lqethernaa
1317 4419 1564 4503 incredulitatis
1577 4416 1647 4499 suae
1663 4441 1787 4593 pagus

710 4537 723 4554 ‘
1247 4539 1273 4601 2
1739 4535 1784 4600 00.
