4667 5442
1214 487 1468 598 730.
1643 469 2071 562 Oaano
2141 487 2275 558 nn
2352 461 2701 556 fnum
2774 486 2931 553 rm
3014 457 3587 562 hunum

1753 685 1991 1060 R
2233 677 3057 1134 AMT
3384 683 3529 951 I
3740 667 3903 954 0

1506 1222 3759 1408 FELlclanlNFELlcl

1222 1475 1392 1651 R
1519 1473 1649 1641 E
1783 1478 1868 1648 I
1995 1475 2122 1641 P
2268 1474 2427 1641 U
2579 1470 2717 1640 B
2864 1470 3025 1640 L
3189 1471 3305 1642 I
3494 1473 3668 1646 C
3786 1469 3895 1642 AE

1296 1759 2112 1876 LITERARIAE
2159 1839 2192 1879 ,
2249 1765 2567 1871 HOC
2642 1767 3262 1875 SECULO
3300 1843 3339 1884 ‚
3412 1767 3857 1876 STATU.

2474 1979 2677 2052 Dina

1498 2145 1594 2232 U
1615 2171 1668 2231 L
1692 2173 1747 2229 τ
1778 2171 1833 2229 R
1859 2169 1906 2228 A
1941 2167 1972 2231 J
2003 2169 2046 2228 ε
2070 2169 2121 2226 c
2145 2169 2233 2225 τ.
2325 2165 2519 2225 xv1.
2590 2141 2683 2230 M
2704 2165 2749 2224 A
2774 2165 2830 2224 R
2854 2165 2938 2223 τ.
3011 2161 3739 2235 01010cxcv111.

1619 2260 1812 2357 Quo
1857 2252 1983 2338 die
2014 2249 2272 2339 Fasces
2304 2249 2819 2370 Academicos
2846 2249 3153 2338 iterum
3190 2254 3627 2370 deposuit.

1250 2471 1381 2560 >lv-..⁷
1413 2471 1738 2531 ψη
1779 2467 1844 2544 1,
1885 2457 2479 2559 quemadmodum
2505 2457 2837 2537 hodierna
2868 2459 2999 2535 lux
3039 2463 3572 2540 necessitatem
3598 2461 3879 2562 mihiqu-

1294 2579 1377 2659 ᾗ·
1465 2528 1746 2696 ψὶῧὲξ
1830 2560 1990 2633 dam
2031 2560 2105 2632 in
2141 2555 2626 2655 Augustiffimo
2667 2557 2803 2631 hoc
2835 2558 3047 2630 bonae
3088 2565 3398 2635 mentis
3426 2564 3694 2662 templo
3720 2553 3873 2634 did
3942 2639 3947 2644 .

1481 2643 1746 2756 “⁴'ssss
1834 2656 2175 2751 imponit,
2231 2656 2324 2726 ita
2367 2654 2609 2727 eadem
2643 2655 2975 2728 orationis
2998 2652 3476 2732 definiviffet
3496 2675 3865 2759 argumean

1291 2783 1301 2811 ι
1341 2811 1377 2823 -
1598 2755 1726 2831 ᾧ
1764 2782 1765 2787 “
1832 2748 2138 2823 solutum
2187 2751 2391 2823 anxia
2436 2750 2925 2823 deliberatione
2961 2753 3325 2828 animum
3372 2803 3399 2839 ,
3463 2756 3562 2830 ad
3605 2749 3863 2857 prefixilfl

1505 2847 1586 2895 '¹²'
1730 2847 1750 2903 ἢ
1830 2845 2343 2941 tractandaeque'
2366 2850 2667 2921 materiae
2708 2848 3275 2924 meditationem
3339 2852 3548 2927 haud
3584 2843 3869 2953 pauuoah·
3944 2867 3948 2872 “

1511 3000 1516 3002 -
1726 2965 1750 2991 ”
1829 2945 2005 3016 crius
2064 2937 2487 3039 appuliss'em.
2584 2944 2897 3018 Sciebam
2954 2946 3341 3042 equidem
3387 2997 3416 3033 ³
3500 2935 3883 3026 dandamffi

1245 3068 1530 3143 operam
1565 3038 1692 3116 effe
1734 3087 1759 3127 ,
1813 3065 1899 3114 ne
1944 3040 2119 3137 quid
2155 3063 2283 3133 pro
2324 3039 2731 3135 ampliffima
2775 3041 2899 3114 hac
2944 3040 3539 3122 clarissimorum
3582 3039 3889 3120 doffiffmo-

1128 3173 1138 3184 ·
1236 3168 1394 3219 rum
1451 3165 1538 3213 ue
1576 3139 1940 3213 hominum
1983 3138 2313 3209 concione
2342 3134 2722 3216 differerem
2763 3184 2789 3221 ,
2842 3137 3043 3234 quod
3076 3163 3245 3214 non
3295 3145 3383 3217 ὃς
3429 3146 3569 3220 loci
3592 3143 3747 3230 hujus
3774 3129 3887 3206 fin-

1238 3242 1408 3313 &itu
1459 3241 1570 3310 ine
1598 3283 1621 3320 ‚
1694 3242 1770 3312 δι
1804 3233 2016 3308 vestra
2052 3237 2383 3332 gravitate
2417 3279 2444 3316 2
2515 3240 2592 3310 &
2629 3260 2779 3307 mea
2825 3234 3134 3331 deni-pe
3178 3237 3523 3334 persona
3560 3261 3723 3337 atque
3746 3249 3891 3306 ame
3936 3243 3948 3332 1“.

1238 3335 1531 3436 dignum
1572 3332 1779 3408 foret.
1881 3330 2019 3403 Sed
2056 3354 2278 3428 quum
2316 3328 2450 3404 huc
2474 3330 2638 3404 illuc
2666 3327 3260 3429 circumspicienti
3303 3333 3887 3436 aliquammulnoc·
3942 3403 3949 3424 ξ

1238 3452 1628 3514 currerent,
1682 3454 1845 3527 quae
1881 3451 2107 3525 neque
2148 3428 2423 3501 auribus
2462 3426 2622 3500 vesti
2637 3428 2697 3500 is
2735 3428 2995 3525 ingrata
3019 3474 3045 3512 2
3101 3453 3381 3529 neque
3422 3433 3881 3526 juventutis:-

1239 3528 1526 3603 demicae
1568 3526 1834 3602 inutilia
1859 3572 1884 3608 ‚
1936 3548 2164 3620 neque
2204 3548 2242 3594 a
2271 3548 2421 3597 mea
2458 3524 2745 3596 vivendi
2785 3527 3048 3598 ratione
3092 3525 3355 3602 aliena
3380 3533 3617 3606 videri
3641 3539 3879 3630 potui-‘⁶3

1237 3623 1449 3722 longa
1484 3624 1761 3696 tandem
1800 3621 2237 3696 fluctuatione
2275 3615 2523 3694 lassatae
2555 3623 2771 3694 menti
2812 3621 2956 3697 haec
2992 3616 3365 3700 sententia
3407 3625 3642 3713 sedit,
3692 3649 3759 3700 ut
3776 3613 3881 3710 ἁβ-

1237 3720 1353 3794 lici
1397 3746 1481 3794 an
1524 3718 1771 3811 infelici
1818 3714 2193 3817 Reipublicae
2227 3717 2532 3794 literaria
2584 3719 2700 3794 hoc
2740 3718 2951 3810 secde
2983 3715 3159 3801 statu
3202 3727 3680 3823 compendiose?
3708 3722 3897 3802 orni*

1230 3820 1302 3890 di
1357 3838 1625 3893 utarem.

1286 3819 1354 3914 sp
1438 3917 1617 4001 Quae
1660 3906 1872 3986 cauffa
1912 3936 2034 3984 nec
2068 3933 2209 3984 tam
2254 3913 2326 3985 in
2356 3908 2637 4009 liquido
2672 3905 2888 4009 pofita
2924 3906 3061 3993 est,
3120 3916 3319 4010 quin
3349 3913 3911 3996 multarummu-

1241 4032 1384 4104 que
1423 4011 1768 4082 rationum
1811 4009 2125 4083 conflictu
2161 4030 2705 4082 controvertatur
2742 4033 2789 4110 ’,Κ
2818 4032 2938 4080 nec
2978 4028 3122 4081 tam
3167 4035 3475 4091 remota
3506 4045 3552 4091 a
3594 4017 3913 4117 cognitione

1237 4101 1452 4177 vestra
1476 4150 1500 4184 ‚
1554 4126 1633 4177 ut
1668 4130 1804 4178 non
1851 4110 1923 4180 &
1947 4101 2600 4179 animadversionem
2639 4104 2923 4177 vestram
2952 4128 3317 4184 mereatur
3352 4159 3381 4196 ‚
3442 4115 3529 4188 &
3568 4113 3797 4212 infigni
3830 4104 3915 4182 iffi,

1237 4224 1378 4297 qua
1415 4198 1697 4297 polletis
1733 4248 1755 4283 ,
1809 4202 2190 4297 prudentiae
2218 4224 2428 4300 atque
2474 4202 2848 4300 integritati
2874 4200 3349 4281 decidendam
3394 4207 3549 4283 sese
3593 4235 3749 4285 tuto
3784 4225 3917 4280 com·

1236 4298 1494 4370 mittat.
1592 4296 1871 4371 Interest
1909 4323 2197 4396 quoque
2233 4301 2547 4372 omnium
2576 4297 2923 4380 nostrum,
2978 4301 3267 4395 utquid
3302 4307 3809 4403 gratulandum
3828 4321 3913 4372 no·

1241 4390 1356 4469 bia
1383 4394 1459 4468 in
1495 4388 1624 4470 hae
1641 4417 1869 4470 rerum
1892 4395 2290 4472 conditione
2314 4391 2395 4473 fit
2416 4442 2443 4483 ‚
2495 4394 2673 4495 quid
2696 4393 3201 4496 deplorandum
3222 4421 3253 4486 3
3294 4403 3493 4502 quid
3514 4399 3907 4562 laudandffi
