4667 5442
832 819 880 896 ῃ
1345 785 1634 880 Rm.
1688 782 2044 883 ιιι-ΕΚ.
2097 813 2320 882 Hoc
2392 789 2623 884 Sne.
2673 792 3041 890 SrATu.
3370 811 3577 918 739

905 999 924 1012 ·
1057 953 1159 1026 At
1194 977 1334 1026 non
1389 956 1663 1030 minora
1725 978 1966 1030 eorum
2005 955 2265 1058 flagitia
2298 954 2501 1041 sunt,
2556 960 2681 1056 qui
2718 952 3203 1055 philosophico
3246 955 3415 1030 fastu
3462 961 3575 1032 in-

832 993 1010 1142 :hei
1051 1093 1072 1131 ,
1141 1071 1411 1123 tantum
1472 1047 1593 1124 fibi
1650 1055 1718 1125 in
1782 1078 1888 1124 res
1932 1051 2107 1150 ipsas
2162 1057 2437 1128 Divinis
2480 1055 2953 1128 voluminibus
3006 1052 3563 1152 comprehensas,

832 1167 1208 1242 ,guantum
1237 1149 1482 1221 Critici
1528 1151 1601 1222 in
1637 1148 1939 1223 verba&
1962 1151 2187 1224 stilum
2217 1199 2238 1234 ,
2294 1151 2495 1225 licere
2522 1151 2891 1248 postulant.
2994 1153 3091 1222 Hi
3128 1153 3411 1224 rationis
3430 1148 3571 1224 suae

832 1239 1067 1340 gina,
1125 1247 1577 1340 quantumvis
1603 1269 1786 1318 curta
1809 1292 1830 1327 ,
1888 1253 2122 1319 cunsta
2146 1243 2267 1319 fibi
2296 1249 2641 1321 metienda
2675 1244 2975 1320 sumunt.
3076 1252 3163 1319 Et
3194 1248 3389 1344 quod
3410 1247 3575 1322 Phi-

832 1334 1202 1438 sosophiae
1224 1388 1246 1421 ,
1305 1366 1517 1438 quam
1543 1337 1836 1438 quisque
1866 1369 1992 1440 pro
2034 1367 2235 1440 captu
2280 1341 2402 1415 fibi
2448 1341 2569 1416 suo
2624 1342 2821 1441 fingit
2855 1390 2877 1426 ,
2934 1339 3116 1417 scitis
3143 1349 3369 1417 minus
3404 1370 3573 1418 con-

835 1469 855 1538 j:
885 1458 1266 1510 entaneum
1300 1441 1572 1510 videtur
1597 1485 1620 1520 ,
1675 1442 1748 1510 id
1790 1463 1960 1512 mox
1984 1463 2062 1511 ut
2083 1446 2239 1514 Deo
2261 1441 2623 1554 indignum
2660 1443 3009 1531 rejiciunt,
3068 1437 3329 1515 tametsi
3358 1437 3571 1516 diser-

832 1531 1133 1636 hiffimis
1183 1534 1414 1609 verbis
1455 1559 1492 1604 a
1532 1530 1768 1607 sanctis
1799 1537 1932 1608 Dei
1969 1534 2375 1610 hominibus
2412 1537 2828 1610 inculcatum
2870 1534 2972 1611 fit.

832 1687 870 1716 ..2
935 1681 944 1686 -
1061 1635 1172 1704 Ex
1210 1631 1318 1703 his
1345 1632 1702 1728 principiis
1745 1634 1988 1729 ingens
2023 1629 2201 1703 Mosa
2242 1634 2393 1705 dica
2419 1632 2770 1715 scribitur,
2824 1628 3020 1730 super
3062 1636 3146 1706 iis
3174 1657 3332 1729 quae
3354 1632 3439 1706 de
3463 1655 3573 1704 re-

832 1715 1015 1810 ἶηιῐη
1058 1731 1380 1800 omnium
1422 1731 1725 1824 origine,
1780 1731 1854 1800 &
1889 1731 2134 1800 mundi
2181 1726 2328 1802 solo
2358 1731 2496 1800 Dei
2536 1752 2707 1801 nutu
2759 1732 3019 1803 conditi
3050 1731 3288 1803 ordine
3330 1777 3349 1811 ,
3410 1753 3568 1826 quae

832 1813 950 1934 {de
975 1827 1362 1921 primorum
1389 1847 1750 1919 parentum
1789 1850 1912 1920 per
1957 1821 2334 1922 serpentem
2373 1822 2765 1897 seductione
2792 1872 2812 1906 ,
2867 1851 3026 1922 quae
3067 1827 3152 1899 de
3199 1828 3385 1899 orbis
3435 1848 3574 1900 ter-

857 1943 1096 1992 rarum
1121 1921 1486 1994 universali
1513 1921 1779 1993 diluvio
1823 1922 2135 1994 inundati
2162 1923 2482 2003 interitu,
2541 1948 2697 2019 quae
2741 1923 2827 1993 de
2873 1921 3086 1995 Lotbi
3112 1948 3327 1997 uxore
3363 1926 3433 1994 in
3468 1919 3574 1993 sa-

832 2013 960 2132 klis
998 2016 1276 2092 statuam
1304 2014 1621 2090 conversa
1658 2064 1680 2099 ,
1737 2043 1896 2115 quae
1938 2018 2022 2088 de
2061 2019 2401 2116 prodigiis
2441 2019 2512 2090 in
2556 2023 2861 2118 AEgypto
2907 2019 3275 2093 &Arabiae
3303 2017 3571 2092 deserto

832 2109 1052 2230 ¹fastis
1075 2159 1102 2195 ,
1157 2109 1396 2211 scripta
1415 2113 1700 2212 reliquit
1737 2144 1754 2187 ε
1809 2140 2030 2213 eaque
2068 2115 2180 2187 vel
2218 2115 2449 2214 palam
2478 2112 2615 2188 falfi
2639 2115 3100 2214 postulantur,
3160 2117 3271 2190 vel
3300 2113 3567 2189 alienis-

832 2203 1034 2302 ‚suna
1072 2213 1632 2306 interpretatione
1658 2213 1752 2283 ita
1785 2233 2196 2308 torquentur
2234 2258 2259 2294 ,
2314 2236 2394 2285 ut
2424 2212 2555 2284 alia
2592 2217 2823 2285 omnia
2848 2218 3060 2285 menti
3096 2211 3573 2310 repraesentent

909 2331 1078 2379 uam
1125 2307 1302 2379 clara
1339 2335 1482 2404 prae
1521 2306 1586 2382 se
1628 2308 1757 2380 fert
1794 2311 2165 2381 verborum
2204 2305 2622 2406 fimplicitaS.
2725 2309 3094 2405 Quidquid
3124 2314 3193 2382 in
3223 2310 3568 2407 stupendis

883 2406 1109 2476 ummi
1139 2406 1469 2477 Numinis
1504 2407 1831 2502 operibus
1873 2405 2351 2479 admirandum
2394 2404 2487 2478 est
2511 2452 2532 2487 ,
2587 2407 2662 2477 id
2697 2408 2807 2478 vel
2847 2406 3021 2477 albis
3048 2407 3411 2488 dentibus,
3461 2407 3567 2478 uti

832 2497 1231 2592 absonum,
1285 2503 1585 2583 ridetur,
1642 2502 1753 2573 vel
1792 2505 1984 2573 omni
2022 2502 2553 2576 admirabilitate
2609 2499 2722 2574 sua
2753 2499 3080 2600 spoliatur
3120 2550 3141 2584 ,
3201 2528 3277 2576 ut
3307 2528 3561 2576 naturae

832 2596 1137 2698 ''legibus
1173 2643 1198 2681 ,
1254 2623 1426 2696 quas
1457 2599 1544 2668 ad
1590 2622 1894 2694 unguem
1935 2595 2002 2670 se
2052 2598 2296 2674 callere
2333 2603 2579 2686 jaftant
2614 2645 2636 2681 ,
2714 2626 2852 2672 non
2896 2603 3123 2674 minus
3162 2595 3569 2698 respondeat

832 2701 1081 2792 'quam
1123 2720 1201 2767 ea
1260 2720 1416 2793 quae
1479 2697 1765 2766 cottidie
1821 2691 1942 2764 usu
2003 2697 2234 2768 venire
2285 2698 2631 2768 videmus.
2732 2692 2880 2791 Ipsa
2938 2696 3235 2792 denique
3285 2696 3569 2793 Religio

855 2790 1251 2865 christiana
1283 2840 1305 2876 ,
1358 2790 1693 2888 mysteriis
1725 2787 1862 2863 suis
1912 2792 2237 2864 omnibus
2278 2815 2483 2864 exuta
2510 2839 2532 2875 ,
2588 2795 2658 2863 in
2707 2817 2889 2864 mere
2926 2793 3303 2866 naturalem
3351 2797 3423 2866 &
3458 2818 3570 2866 ra-

857 2888 1206 2964 tionalem
1237 2890 1566 2963 Numinis
1614 2888 1876 2960 cultum
1911 2935 1931 2969 ,
1988 2884 2032 2958 s1
2065 2889 2279 2960 modo
2323 2892 2653 2963 Numinis
2691 2889 2954 2961 cultum
2977 2936 2998 2970 ,
3055 2892 3498 2965 convertitur.

1065 2990 1246 3075 Quis
1287 2987 1561 3059 dubitat
1591 3029 1614 3067 ,
1665 2987 2040 3057 Auditores
2066 3031 2088 3067 ,
2145 2989 2316 3082 quin
2361 2986 2448 3059 ad
2500 2987 2714 3059 totius
2755 2985 3110 3083 religionis
3159 2990 3572 3061 internecio-

855 3107 1028 3158 nem
1057 3129 1080 3165 ,
1134 3084 1223 3156 ad
1259 3086 1535 3181 pietatis
1562 3107 1637 3156 ac
1669 3079 2127 3154 sanCtimoniae
2155 3084 2713 3181 exstirpationem
2751 3129 2773 3164 ,
2812 3085 2917 3154 -ad
2946 3079 3180 3154 salutis
3202 3081 3570 3157 nostraein-

855 3178 1346 3254 terverfionem
1387 3230 1410 3266 ,
1480 3202 1869 3277 comparata
1913 3176 2039 3253 fint
2087 3179 2231 3255 haec
2285 3178 2580 3254 omnia}
2662 3182 2935 3272 Qibus
2981 3202 3207 3253 tamen
3253 3181 3387 3252 dici
3428 3205 3572 3253 non

849 3278 1087 3376 potest
1125 3303 1338 3376 quam
1382 3279 1584 3352 multi
1620 3281 1969 3375 capiantur
1992 3325 2015 3360 ,
2069 3279 2191 3375 qui
2232 3280 2502 3352 rarioris
2528 3324 2551 3360 ,
2606 3277 2844 3351 liberae
2872 3302 2947 3349 ac
2967 3272 3311 3373 generosae
3346 3274 3570 3365 cujus-

855 3375 1030 3448 dam
1069 3371 1418 3473 sapientiae
1446 3401 1698 3449 nomen
1726 3371 2059 3449 affe&ant.
2161 3379 2264 3446 Eo
2301 3399 2533 3448 autem
2575 3369 3053 3472 periculosiora
3093 3370 3246 3444 sunt
3290 3419 3311 3454 ,
3369 3371 3569 3469 quod

853 3491 974 3546 tot
1012 3468 1210 3545 simul
1241 3473 1538 3572 pestibus
1574 3470 2087 3570 compescendis
2125 3470 2313 3545 nulla
2357 3465 2646 3569 usquam
2685 3470 2932 3541 idonea
2973 3471 3048 3539 &
3093 3470 3383 3541 efficacia
3410 3467 3570 3540 satis

857 3569 1298 3643 inveniantur
1338 3570 1662 3642 remedia.
1767 3576 2045 3651 Deum,
2091 3564 2311 3666 ipsum
2339 3572 2572 3639 Deum
2616 3565 3025 3638 intervenire
3067 3588 3341 3659 oportet
3366 3611 3388 3647 ,
3442 3584 3563 3645 ut,

859 3661 918 3740 fi
955 3668 1129 3766 quid
1185 3666 1408 3741 adhuc
1447 3671 1790 3763 integrum
1827 3664 2120 3763 superest
2152 3718 2174 3753 ‚
2227 3691 2266 3736 a
2318 3666 2433 3737 lue
2475 3659 2832 3762 praeservet
2870 3709 2893 3746 ,
2964 3661 3310 3757 grallantis
3362 3661 3568 3758 pesti-

853 3761 1096 3838 lentiae
1137 3766 1476 3861 impetum
1519 3760 1690 3838 fistat
1721 3810 1744 3846 ,
1799 3764 2313 3860 impendentem
2372 3786 2456 3832 ue
2501 3760 2838 3858 capitibus
2886 3757 3125 3830 nostris
3181 3753 3567 3854 supremam

855 3861 1320 3934 necessitatem
1361 3864 1702 3959 propitius
1742 3883 2163 3934 averruncet.
2265 3864 2330 3934 A
2418 3856 2821 3931 hominibus
2865 3858 3050 3928 enim
3085 3879 3247 3950 quae
3286 3855 3567 3928 tandem

860 3951 1018 4058 spes
1054 3956 1292 4032 salutis
1333 3958 1574 4033 restat?

1057 4061 1192 4138 Ea,
1239 4051 1286 4128 fi
1321 4083 1462 4130 non
1503 4058 1779 4131 aliunde
1803 4105 1826 4141 ,
1879 4039 1919 4130 a
1961 4057 2757 4133 THEOLOGORUM
2797 4048 3035 4127 saltem
3058 4051 3297 4125 ordine
3323 4039 3565 4144 exspe-

857 4153 1099 4228 &anda
1127 4154 1326 4227 foret.
1433 4160 1590 4228 Hos
1615 4155 1900 4228 decebat
1931 4155 2172 4245 junctis
2200 4154 2488 4236 animis,
2545 4151 2906 4234 manibus,
2962 4150 3211 4231 armis,
3252 4146 3339 4220 ad
3361 4144 3565 4218 labo-

859 4253 1076 4324 rantis
1113 4247 1346 4328 cauffae
1385 4253 1672 4326 tutelam
1698 4299 1722 4338 ,
1775 4247 1964 4346 quafi
1997 4251 2088 4324 ad
2121 4275 2389 4326 ararum
2415 4248 2870 4345 focorumque
2892 4241 3373 4327 defensionem,
3395 4267 3566 4316 con-

866 4369 1162 4424 currere.
1263 4353 1353 4423 Et
1387 4350 1478 4423 ad
1518 4375 1680 4424 eum
1717 4349 2012 4423 modum
2053 4373 2180 4448 pro
2228 4345 2429 4422 sacris
2460 4393 2485 4430 ,
2559 4345 2885 4420 custodiae
2923 4340 3061 4416 suae
3112 4341 3563 4423 concreditis,

867 4465 1219 4542 pugnare,
1273 4470 1353 4520 ut
1378 4473 1517 4521 non
1555 4449 1821 4521 minora
1862 4446 2038 4521 lucis
2095 4471 2308 4546 quam
2342 4443 2628 4518 fervoris
2654 4491 2677 4527 ,
2731 4442 3112 4542 prudentie
3148 4463 3360 4540 quam
3396 4437 3563 4521 zeli,

865 4538 1414 4618 mansuetudinis
1449 4570 1662 4641 quam
1725 4542 2148 4618 fortitudinis
2183 4541 2503 4641 exempla
2537 4541 2838 4616 ederent.
2940 4541 3047 4616 Ut
3082 4537 3385 4637 denique
3420 4557 3563 4644 non

861 4633 1032 4712 suos
1068 4635 1192 4712 fibi
1227 4641 1624 4741 triumphos
1647 4689 1670 4725 ,
1725 4638 1842 4715 sed
1877 4639 2015 4712 Dei
2057 4639 2353 4737 gloriam
2387 4684 2411 4723 ,
2464 4640 2768 4712 veritatis
2807 4637 3263 4736 patrocinium
3299 4678 3324 4716 ,
3376 4651 3565 4729 pacis

863 4731 1172 4812 studium
1195 4783 1220 4825 ,
1267 4735 1793 4838 communisque
1829 4733 2064 4812 salutis
2100 4737 2617 4908 errnotionem
2640 4735 2831 4812 cordi
2869 4727 2997 4810 effe
3016 4779 3045 4820 ,
3098 4729 3423 4810 omnibus
3442 4748 3565 4834 cu-

893 4875 904 4884 '
2242 4857 2282 4906 2
2316 4859 2357 4909 a
2380 4855 2420 4906 a
2455 4857 2495 4906 2
2546 4859 2593 4911 2
3296 4891 3307 4901 .
3462 4841 3561 4898 ΠΕ

832 2309 852 2330 b

832 2383 850 2402 μ

832 2411 848 2428 b
