4667 5442
607 491 984 592 Htsronrn
1041 494 1574 595 Hrrnosorrtrn.
1688 515 1786 623 227

442 646 571 724 oblatis
590 676 713 749 praeter
732 652 799 728 alia
817 639 975 729 saciificia
990 653 1093 732 hircis
1113 656 1316 732 labentibus
1331 656 1540 740 duodecim,
1565 681 1630 757 pro
1642 682 1787 732 numero

442 748 595 914 tippuum
614 747 756 917 lispa‘e'lis.
806 753 860 829 Ut
875 751 1040 828 constaret
1057 778 1195 852 aequam
1215 753 1377 828 om'nibus
1393 775 1524 851 partem
1542 756 1577 828 in
1590 757 1784 829 Sanetuario

505 868 627 916 mmre
654 873 685 919 e.
1842 867 1851 876 ·

475 941 480 948 ’
543 944 678 1016 XVlii.
705 942 860 1041 Templo
879 945 927 1017 ita
955 940 1215 1029 consummato,
1238 950 1398 1043 quamvis
1407 946 1503 1020 urbis
1517 949 1620 1021 etiarn
1630 943 1893 1028 mistim-XVII!⁸
1906 965 1963 1044 ⁸&-

441 1030 499 1108 dae
518 1034 711 1112 facultatem
731 1036 935 1113 concessisset
954 1049 1074 1137 Cym,
1098 1039 1166 1139 Jes.
1176 1068 1287 1116 xttv.
1299 1040 1384 1116 vers.
1396 1043 1460 1116 ult.
1474 1045 1557 1139 quia
1570 1065 1682 1115 tamen
1695 1070 1783 1141 opus
1791 1061 1837 1098 *θ
1851 1061 1938 1100 mm

438 1128 533 1204 illud
548 1157 681 1232 magnae
699 1136 805 1209 molis
819 1158 909 1218 erat,
937 1136 1035 1212 diffisi
1053 1138 1340 1308 viribuspudaei,
1369 1134 1434 1211 srne
1457 1138 1628 1211 monibus
1646 1164 1684 1211 ac
1700 1115 1930 1253 por-'‘s”zss

440 1228 516 1309 tis,
544 1233 630 1303 circa
649 1233 821 1329 templum
834 1231 1043 1307 habitabant
1091 1241 1154 1308 Per
1175 1239 1185 1306 i
1214 1260 1270 1307 em
1282 1256 1421 1332 tempus
1438 1239 1570 1315 Euae,
1594 1236 1710 1308 Scriba
1729 1210 1848 1308 103⁸*
1929 1233 1938 1253 ⁸

440 1326 520 1421 gis,
542 1324 677 1422 septimo
691 1353 773 1401 anno
798 1331 900 1401 Darii
907 1382 918 1409 ,
944 1324 1011 1401 sive
1031 1334 1241 1423 Longinum,
1264 1329 1480 1440 uypuidam,
1508 1326 1574 1402 sive
1594 1337 1783 1414 Mnemonie,
1964 1410 1969 1417 ,

442 1442 484 1492 ιιι
503 1420 564 1494 alii
579 1423 727 1506 volunt,
755 1423 948 1522 Babylonia
962 1426 1155 1521 profectus,
1182 1426 1372 1523 multisque
1393 1451 1474 1514 eum
1493 1422 1635 1508 secutis,
1663 1432 1781 1502 Hieto-
1847 1451 1851 1464 ·

432 1513 763 1618 solymampewenit.
813 1516 902 1592 Vasa
918 1522 1024 1593 etiam
1043 1519 1198 1595 diverfio
1243 1523 1311 1604 ris,
1338 1520 1500 1604 &dona,
1529 1545 1678 1618 quaerex
1693 1544 1783 1596 tem·

437 1614 504 1781 plo
522 1617 589 1687 Dei
606 1615 753 1691 miserat.
804 1622 837 1690 is
858 1641 969 1717 quum
986 1547 1255 1715 deprehendisst
1271 1617 1414 1730 Judaeos
1438 1619 1634 1691 Gentilium
1652 1644 1784 1693 connu-

392 1759 396 1768 ·
468 1713 511 1783 iis
525 1714 739 1807 permixtos,
770 1712 890 1785 multis
904 1706 1115 1811 increpitos,
1142 1738 1336 1789 renuncrare
1359 1707 1525 1803 ejusmodi
1537 1716 1778 1799 matrimoniis,

438 1831 481 1881 sc
500 1803 593 1880 filios
617 1833 662 1882 ex
681 1808 735 1883 his
759 1804 930 1906 susceptos
959 1809 1096 1883 extrudi
1117 1810 1243 1901 jubet,
1283 1807 1471 1906 omnesque
1502 1808 1594 1882 disto
1624 1835 1778 1907 patuere.

437 1907 617 1978 Caeterum
635 1911 763 1985 Ευαηι
778 1902 866 1980 nihil
883 1901 982 2004 super
1002 1900 1181 1980 reficienda
1201 1905 1285 1979 urbe
1305 1900 1404 2003 egisse
1430 1908 1636 2004 comperio:
1661 1909 1781 2005 potio-

437 2022 513 2073 rem
533 2024 649 2074 curam
662 2024 754 2076 ratus
771 2000 912 2101 plebem
930 2003 1098 2099 corruptis
1115 2003 1272 2077 moribus
1293 2004 1488 2076 reformare.

541 2100 645 2171 XIX.
670 2102 752 2173 Erat
763 2124 802 2172 ea
820 2096 1019 2196 tempestate
1039 2098 1132 2195 apud
1152 2094 1252 2172 Susas
1271 2100 1469 2178 Nebemr'ae,
1496 2099 1656 2197 pincerna
1675 2100 1777 2197 regis,
1788 2113 1865 2183 m,
1890 2116 1949 2176 Νο-

439 2214 543 2292 gente
560 2193 702 2293 Judaeus
734 2240 746 2279 ,
783 2200 968 2271 Artaxerxi
987 2197 1112 2267 merito
1134 2190 1380 2293 obsequiorum
1407 2192 1626 2269 charissimus.
1676 2202 1708 2269 Is
1736 2190 1947 2287 ,exhemtay-

439 2311 590 2387 cognato
610 2285 672 2362 suo
689 2296 820 2367 Hanani
837 2290 1134 2390 aliisqueJudaeis
1153 2314 1394 2388 percontatus,
1423 2293 1502 2389 quis
1517 2313 1665 2390 paternae
1686 2267 1939 2402 urbisssmffls'

444 2384 548 2460 status
564 2380 666 2472 esset3
690 2387 752 2461 ubi
769 2388 938 2486 comperit
952 2411 1072 2459 muros
1082 2383 1274 2486 disruptos,
1328 2382 1484 2485 ortasque
1501 2389 1582 2485 igne
1598 2383 1779 2472 succensae,
1789 2421 1821 2476 d,
1831 2362 1956 2479 {3012oe

441 2483 478 2556 in
497 2478 617 2554 iisdem
634 2484 741 2573 jacere
760 2486 891 2565 ruinis,
917 2506 1013 2557 totus
1030 2478 1177 2557 sensrbus
1187 2413 1427 2565 conturbatus,
1453 2508 1534 2556 cum
1542 2486 1676 2581 gemitu
1690 2483 1917 2576 mul-,soree

440 2575 552 2676 cisque
574 2578 734 2653 lacrumis
753 2585 870 2653 Deum
888 2581 1019 2661 oravit,
1046 2576 1168 2653 delicta
1177 2581 1290 2678 gentis
1302 2580 1370 2652 suae
1385 2600 1563 2690 reputans,
1591 2575 1783 2678 misericor-

441 2674 608 2773 diamque
626 2678 792 2751 Divinam
810 2676 1012 2775 efflagitans.
1063 2678 1171 2775 Igitur
1192 2700 1303 2773 quum
1315 2701 1398 2760 rex,
1427 2697 1543 2749 intere
1569 2676 1667 2757 ulae,
1694 2702 1783 2751 moe·

439 2769 527 2847 stum
546 2793 640 2844 extra
659 2767 801 2846 solitum
823 2768 1124 2855 animadvertisset,
1150 2767 1311 2884 poposcit
1330 2771 1372 2844 ab
1388 2797 1429 2843 co
1450 2701 1594 2846 caussasm
1607 2772 1775 2847 dolorum

439 2891 481 2941 ut
501 2892 700 2965 exponeret.
751 2874 847 2942 Tum
872 2868 934 2942 ille
962 2864 1100 2943 adversa
1118 2891 1232 2968 gentas
1248 2872 1285 2941 &
1304 2870 1437 2958 ruinam
1464 2869 1611 2942 civitatis
1629 2868 1777 2953 deflete,

1927 2648 1952 2672 N

437 2989 519 3063 quae
533 2963 663 3039 multos
679 2967 749 3057 jam
762 2990 869 3040 annos
881 2960 957 3040 solo
975 2962 1072 3039 strata
1092 2958 1319 3063 spostaculunr
1338 2966 1485 3039 inimicis
1502 2967 1687 3063 praeberet:
1715 2965 1779 3038 da-
1829 2979 1833 2986 '
1895 2979 1899 2990 “

435 3082 491 3138 tet
506 3057 565 3133 srbi
583 3064 685 3136 eundi
705 3065 742 3136 &
767 3060 981 3137 restituendae
1003 3063 1076 3153 ejus
1101 3061 1316 3161 potestatem.
1365 3063 1480 3146 Paruit
1499 3087 1560 3135 rex
1579 3063 1648 3159 piis
1666 3064 1780 3160 preci·
1928 3083 1930 3087 ·

434 3157 531 3232 bus:
558 3157 740 3257 statimque
759 3184 840 3232 eum
863 3184 943 3231 curn
959 3154 1114 3256 praefidio
1132 3160 1317 3255 equitum,
1344 3182 1417 3254 quo
1442 3160 1550 3230 tutius
1571 3160 1635 3230 iter
1647 3178 1776 3254 ageret,
1898 3211 1926 3235 ,ι

434 3250 594 3329 dimisrtt
619 3253 707 3329 datis
731 3256 775 3326 ad
804 3276 966 3351 praetores
996 3251 1179 3349 epistolis,
1215 3273 1255 3324 ut
1287 3247 1461 3325 necessaria
1488 3253 1691 3348 praeberent.
1744 3259 1779 3325 Is

390 3357 392 3374 ⁴
432 3375 549 3524 {uum
568 3349 818 3519 Heerosppymm
836 3344 1059 3448 pervenisset,
1085 3348 1215 3456 viritim
1225 3346 1359 3445 populo
1376 3370 1465 3443 opus
1481 3348 1574 3419 urbis
1593 3346 1777 3429 distribuit,

717 3470 778 3519 ao

489 3447 643 3521 certatim
655 3449 691 3538 ju
780 3470 877 3518 mnes
893 3444 1067 3558 curabant,
1116 3448 1265 3555 Jamque
1282 3441 1327 3515 ad
1339 3443 1503 3555 'medium
1522 3442 1687 3555 machinae
1696 3469 1779 3542 pro-

436 3538 622 3626 cesserant,
649 3568 761 3641 quum
780 3541 942 3641 flagrante
960 3542 1111 3625 rnvrdra,
1137 3562 1295 3640 gentium
1311 3564 1433 3644 vrcrnae
1450 3537 1551 3612 urbes
1570 3536 1775 3638 conspirant,
1920 3563 1925 3600 ³

434 3665 542 3756 opera
563 3642 834 3752 interrumpere,
874 3637 1017 3750 Judaeos
1036 3638 1078 3711 ab
1108 3633 1314 3806 =aedificsappicpp
1343 3635 1643 3807 dpppplrctteemtussed
1661 3636 1778 3810 ἕξεις

434 3729 1121 3932 τέὲἶιιὼυίίξοῇεἳῖιίίᾞηέςίιῗυιῐῐιῗῐηῗξ
1139 3757 1302 3905 pptpplvis
1322 3778 1678 3943 portarumperseesis,
1691 3759 1777 3905 cgn-

437 3930 606 4007 struendis
624 3931 765 4003 interius
781 3928 946 4002 domibus
966 3953 1106 4026 operam
1119 3927 1230 4003 dedit.
1280 3921 1537 4039 dpatrosaenrm
1549 3951 1695 4039 cavitas,
1721 3952 1776 4002 ta·

436 4028 469 4103 ri
488 4026 632 4110 incolae,
658 4026 785 4099 domus
807 4024 942 4099 dirutae.
991 4020 1271 4124 Prospiciendum
1295 4045 1342 4097 rta
1373 4022 1451 4097 urbr
1471 4022 1516 4095 de
1546 4024 1670 4098 rncolrs
1691 4045 1775 4099 erat.
1828 4057 1837 4077 ·

436 4126 611 4243 Principes
627 4122 752 4292 popul-i
776 4122 846 4211 jam
869 4118 1040 4233 degebant
1055 4119 1287 4289 Hrprospspprri.
1336 4119 1509 4218 Reliquus
1528 4119 1680 4232 populus
1703 4117 1778 4195 sor·
1847 4204 1850 4210 ,

438 4244 493 4295 tes
516 4243 595 4309 Jecrt
612 4241 651 4292 ut
693 4241 823 4293 ecrmus
865 4241 989 4317 ursque
1007 4242 1043 4291 rn
1063 4240 1148 4291 ure
1234 4236 1356 4298 rtaret,
1382 4240 1512 4289 novem
1528 4238 1641 4314 partes
1653 4241 1690 4289 rn
1711 4242 1776 4315 op-

432 4315 852 4492 ffiisombodbpbdsbbdi‘bit.
868 4336 922 4391 tto
950 4310 984 4389 se
1006 4310 1192 4388 obtulctec
1228 4310 1356 4410 quibus
1381 4310 1535 4414 populus
1556 4312 1647 4389 laetis
1666 4313 1777 4387 accla-
1839 4451 1842 4458 Ι

789 4529 791 4534 ·
1099 4501 1202 4588 Eia
1688 4506 1777 4592 XX·
