<?xml version="1.0" encoding="UTF-8"?>
<!DOCTYPE html PUBLIC "-//W3C//DTD XHTML 1.0 Transitional//EN"
    "http://www.w3.org/TR/xhtml1/DTD/xhtml1-transitional.dtd">
<html xmlns="http://www.w3.org/1999/xhtml" xml:lang="en" lang="en">
 <head>
  <title>
</title>
<meta http-equiv="Content-Type" content="text/html;charset=utf-8" />
  <meta name='ocr-system' content='tesseract 3.04.00' />
  <meta name='ocr-capabilities' content='ocr_page ocr_carea ocr_par ocr_line ocrx_word'/>
</head>
<body>
  <div class='ocr_page' id='page_1' title='image "./hermanniwitsiim01witsgoog/hermanniwitsiim01witsgoog_0456.png"; bbox 0 0 4667 5442; ppageno 0'>
   <div class='ocr_carea' id='block_1_1' title="bbox 388 446 1782 629">
    <p class='ocr_par' dir='ltr' id='par_1_1' title="bbox 388 446 1782 629">
     <span class='ocr_line' id='line_1_1' title="bbox 388 446 1782 629; baseline 0.065 -85"><span class='ocrx_word' id='word_1_1' title='bbox 388 457 391 464; x_wconf 83' lang='lat'>&#39;</span> <span class='ocrx_word' id='word_1_2' title='bbox 504 509 526 589; x_wconf 66' lang='grc' dir='ltr'><strong><em>ς</em></strong></span> <span class='ocrx_word' id='word_1_3' title='bbox 638 507 716 603; x_wconf 75' lang='lat' dir='ltr'>D&#39;E</span> <span class='ocrx_word' id='word_1_4' title='bbox 754 505 896 602; x_wconf 69' lang='lat' dir='ltr'>Vm</span> <span class='ocrx_word' id='word_1_5' title='bbox 930 504 1197 621; x_wconf 82' lang='lat' dir='ltr'>Joiiiiuuis</span> <span class='ocrx_word' id='word_1_6' title='bbox 1235 446 1523 598; x_wconf 67' lang='lat' dir='ltr'>Birrisrmc</span> <span class='ocrx_word' id='word_1_7' title='bbox 1683 522 1782 629; x_wconf 82' lang='lat'>433</span> 
     </span>
    </p>
   </div>
   <div class='ocr_carea' id='block_1_2' title="bbox 433 662 2006 4268">
    <p class='ocr_par' dir='ltr' id='par_1_2' title="bbox 433 662 2006 4268">
     <span class='ocr_line' id='line_1_2' title="bbox 433 662 1927 770; baseline 0 -27"><span class='ocrx_word' id='word_1_8' title='bbox 433 670 595 744; x_wconf 88' lang='lat' dir='ltr'>damnare</span> <span class='ocrx_word' id='word_1_9' title='bbox 615 692 654 743; x_wconf 92' lang='lat' dir='ltr'>ut</span> <span class='ocrx_word' id='word_1_10' title='bbox 674 671 781 745; x_wconf 89' lang='lat' dir='ltr'>velim</span> <span class='ocrx_word' id='word_1_11' title='bbox 801 666 1061 745; x_wconf 79' lang='lat' dir='ltr'>vetustissimum</span> <span class='ocrx_word' id='word_1_12' title='bbox 1078 695 1213 746; x_wconf 89' lang='lat' dir='ltr'>morem</span> <span class='ocrx_word' id='word_1_13' title='bbox 1225 674 1409 770; x_wconf 90' lang='lat' dir='ltr'>quotannis</span> <span class='ocrx_word' id='word_1_14' title='bbox 1420 672 1568 746; x_wconf 89' lang='lat' dir='ltr'>natalem</span> <span class='ocrx_word' id='word_1_15' title='bbox 1578 662 1678 743; x_wconf 90' lang='lat' dir='ltr'>suurn</span> <span class='ocrx_word' id='word_1_16' title='bbox 1688 670 1927 743; x_wconf 55' lang='lat' dir='ltr'>&lt;liemarum</span> 
     </span>
     <span class='ocr_line' id='line_1_3' title="bbox 437 759 1920 868; baseline -0.003 -27"><span class='ocrx_word' id='word_1_17' title='bbox 437 764 569 841; x_wconf 89' lang='lat' dir='ltr'>solenni</span> <span class='ocrx_word' id='word_1_18' title='bbox 585 768 737 865; x_wconf 82' lang='lat' dir='ltr'>gaudio,</span> <span class='ocrx_word' id='word_1_19' title='bbox 766 773 804 843; x_wconf 88' lang='lat'>&amp;</span> <span class='ocrx_word' id='word_1_20' title='bbox 822 769 935 840; x_wconf 89' lang='lat' dir='ltr'>amico</span> <span class='ocrx_word' id='word_1_21' title='bbox 957 768 1062 864; x_wconf 91' lang='lat' dir='ltr'>epulo</span> <span class='ocrx_word' id='word_1_22' title='bbox 1083 765 1327 868; x_wconf 85' lang='lat' dir='ltr'>prosequendi.</span> <span class='ocrx_word' id='word_1_23' title='bbox 1382 769 1495 843; x_wconf 86' lang='lat' dir='ltr'>Potest</span> <span class='ocrx_word' id='word_1_24' title='bbox 1513 770 1605 841; x_wconf 91' lang='lat' dir='ltr'>enim</span> <span class='ocrx_word' id='word_1_25' title='bbox 1618 767 1704 841; x_wconf 89' lang='lat' dir='ltr'>illud</span> <span class='ocrx_word' id='word_1_26' title='bbox 1724 759 1920 865; x_wconf 59' lang='lat' dir='ltr'>pjehqmim</span> 
     </span>
     <span class='ocr_line' id='line_1_4' title="bbox 437 839 1925 990; baseline -0.001 -54"><span class='ocrx_word' id='word_1_27' title='bbox 437 866 474 936; x_wconf 77' lang='grc' dir='ltr'>δι</span> <span class='ocrx_word' id='word_1_28' title='bbox 494 859 601 936; x_wconf 70' lang='lat' dir='ltr'>sande</span> <span class='ocrx_word' id='word_1_29' title='bbox 620 860 719 946; x_wconf 84' lang='lat' dir='ltr'>fieri,</span> <span class='ocrx_word' id='word_1_30' title='bbox 747 864 791 937; x_wconf 91' lang='lat' dir='ltr'>ad</span> <span class='ocrx_word' id='word_1_31' title='bbox 812 861 936 936; x_wconf 92' lang='lat' dir='ltr'>summi</span> <span class='ocrx_word' id='word_1_32' title='bbox 961 866 1126 938; x_wconf 87' lang='lat' dir='ltr'>Numinis</span> <span class='ocrx_word' id='word_1_33' title='bbox 1153 865 1333 963; x_wconf 87' lang='lat' dir='ltr'>gloriam,</span> <span class='ocrx_word' id='word_1_34' title='bbox 1361 888 1553 964; x_wconf 89' lang='lat' dir='ltr'>eorumque</span> <span class='ocrx_word' id='word_1_35' title='bbox 1579 867 1640 962; x_wconf 91' lang='lat' dir='ltr'>qui</span> <span class='ocrx_word' id='word_1_36' title='bbox 1659 839 1925 990; x_wconf 45' lang='lat' dir='ltr'>praestofflff</span> 
     </span>
     <span class='ocr_line' id='line_1_5' title="bbox 436 956 1857 1061; baseline 0.001 -29"><span class='ocrx_word' id='word_1_37' title='bbox 436 956 515 1032; x_wconf 92' lang='lat' dir='ltr'>sunt</span> <span class='ocrx_word' id='word_1_38' title='bbox 530 956 806 1034; x_wconf 78' lang='lat' dir='ltr'>aedificationem.</span> <span class='ocrx_word' id='word_1_39' title='bbox 856 961 1034 1034; x_wconf 78' lang='lat' dir='ltr'><strong>Admonet</strong></span> <span class='ocrx_word' id='word_1_40' title='bbox 1056 963 1148 1035; x_wconf 89' lang='lat' dir='ltr'>enim</span> <span class='ocrx_word' id='word_1_41' title='bbox 1163 961 1227 1035; x_wconf 92' lang='lat' dir='ltr'>ille</span> <span class='ocrx_word' id='word_1_42' title='bbox 1244 962 1352 1045; x_wconf 86' lang='lat' dir='ltr'>dies,</span> <span class='ocrx_word' id='word_1_43' title='bbox 1389 966 1528 1061; x_wconf 87' lang='lat' dir='ltr'>quoties</span> <span class='ocrx_word' id='word_1_44' title='bbox 1547 964 1716 1044; x_wconf 86' lang='lat' dir='ltr'>recurrit,</span> <span class='ocrx_word' id='word_1_45' title='bbox 1744 984 1785 1034; x_wconf 92' lang='lat' dir='ltr'>ut</span> <span class='ocrx_word' id='word_1_46' title='bbox 1846 956 1857 978; x_wconf 85' lang='lat'><strong><em>&#39;</em></strong></span> 
     </span>
     <span class='ocr_line' id='line_1_6' title="bbox 437 1055 1785 1156; baseline 0.002 -27"><span class='ocrx_word' id='word_1_47' title='bbox 437 1058 597 1129; x_wconf 90' lang='lat' dir='ltr'>Domino</span> <span class='ocrx_word' id='word_1_48' title='bbox 609 1060 735 1155; x_wconf 82' lang='lat' dir='ltr'>gratias</span> <span class='ocrx_word' id='word_1_49' title='bbox 755 1081 917 1156; x_wconf 81' lang='lat' dir='ltr'>agamus,</span> <span class='ocrx_word' id='word_1_50' title='bbox 945 1082 964 1129; x_wconf 87' lang='lat' dir='ltr'>a</span> <span class='ocrx_word' id='word_1_51' title='bbox 985 1081 1058 1154; x_wconf 92' lang='lat' dir='ltr'>quo</span> <span class='ocrx_word' id='word_1_52' title='bbox 1077 1060 1113 1130; x_wconf 95' lang='lat' dir='ltr'>in</span> <span class='ocrx_word' id='word_1_53' title='bbox 1143 1055 1230 1131; x_wconf 86' lang='lat' dir='ltr'>hanc</span> <span class='ocrx_word' id='word_1_54' title='bbox 1250 1061 1359 1131; x_wconf 88' lang='lat' dir='ltr'>vitam</span> <span class='ocrx_word' id='word_1_55' title='bbox 1378 1059 1559 1156; x_wconf 69' lang='lat' dir='ltr'>produffi,</span> <span class='ocrx_word' id='word_1_56' title='bbox 1589 1057 1785 1156; x_wconf 77' lang='lat' dir='ltr'>complures</span> 
     </span>
     <span class='ocr_line' id='line_1_7' title="bbox 437 1145 1784 1253; baseline 0.001 -28"><span class='ocrx_word' id='word_1_57' title='bbox 437 1154 507 1245; x_wconf 81' lang='lat' dir='ltr'>jam</span> <span class='ocrx_word' id='word_1_58' title='bbox 528 1177 636 1226; x_wconf 89' lang='lat' dir='ltr'>annos</span> <span class='ocrx_word' id='word_1_59' title='bbox 657 1150 808 1243; x_wconf 87' lang='lat' dir='ltr'>ejusdem</span> <span class='ocrx_word' id='word_1_60' title='bbox 832 1150 995 1228; x_wconf 87' lang='lat' dir='ltr'>beneficio</span> <span class='ocrx_word' id='word_1_61' title='bbox 1024 1145 1263 1253; x_wconf 83' lang='lat' dir='ltr'>transegimus.</span> <span class='ocrx_word' id='word_1_62' title='bbox 1315 1156 1492 1229; x_wconf 89' lang='lat' dir='ltr'>Admonet</span> <span class='ocrx_word' id='word_1_63' title='bbox 1516 1157 1619 1229; x_wconf 90' lang='lat' dir='ltr'>etiam</span> <span class='ocrx_word' id='word_1_64' title='bbox 1638 1175 1677 1226; x_wconf 92' lang='lat' dir='ltr'>ur</span> <span class='ocrx_word' id='word_1_65' title='bbox 1694 1161 1784 1252; x_wconf 77' lang='lat' dir='ltr'>prae&#39;-</span> 
     </span>
     <span class='ocr_line' id='line_1_8' title="bbox 437 1246 1783 1350; baseline 0.001 -28"><span class='ocrx_word' id='word_1_66' title='bbox 437 1252 531 1323; x_wconf 90' lang='lat' dir='ltr'>teriri</span> <span class='ocrx_word' id='word_1_67' title='bbox 550 1251 718 1346; x_wconf 85' lang='lat' dir='ltr'>temporis</span> <span class='ocrx_word' id='word_1_68' title='bbox 735 1248 922 1324; x_wconf 85' lang='lat' dir='ltr'>recolentes</span> <span class='ocrx_word' id='word_1_69' title='bbox 942 1251 1167 1334; x_wconf 86' lang='lat' dir='ltr'>memoriam,</span> <span class='ocrx_word' id='word_1_70' title='bbox 1195 1276 1274 1327; x_wconf 91' lang='lat' dir='ltr'>cum</span> <span class='ocrx_word' id='word_1_71' title='bbox 1292 1246 1403 1324; x_wconf 67' lang='lat' dir='ltr'>sancto</span> <span class='ocrx_word' id='word_1_72' title='bbox 1416 1252 1572 1350; x_wconf 90' lang='lat' dir='ltr'>quodam</span> <span class='ocrx_word' id='word_1_73' title='bbox 1590 1250 1724 1349; x_wconf 90' lang='lat' dir='ltr'>pudore</span> <span class='ocrx_word' id='word_1_74' title='bbox 1738 1250 1783 1323; x_wconf 87' lang='lat' dir='ltr'>ad</span> 
     </span>
     <span class='ocr_line' id='line_1_9' title="bbox 435 1345 1899 1443; baseline 0.001 -25"><span class='ocrx_word' id='word_1_75' title='bbox 435 1349 592 1419; x_wconf 81' lang='lat' dir='ltr'>animum</span> <span class='ocrx_word' id='word_1_76' title='bbox 609 1370 836 1428; x_wconf 87' lang='lat' dir='ltr'>revocemus,</span> <span class='ocrx_word' id='word_1_77' title='bbox 863 1370 970 1443; x_wconf 90' lang='lat' dir='ltr'>quain</span> <span class='ocrx_word' id='word_1_78' title='bbox 985 1346 1170 1430; x_wconf 87' lang='lat' dir='ltr'>inutiliter,</span> <span class='ocrx_word' id='word_1_79' title='bbox 1198 1347 1254 1421; x_wconf 86' lang='lat' dir='ltr'>vel</span> <span class='ocrx_word' id='word_1_80' title='bbox 1272 1347 1389 1430; x_wconf 88' lang='lat' dir='ltr'>aliud,</span> <span class='ocrx_word' id='word_1_81' title='bbox 1419 1348 1475 1421; x_wconf 88' lang='lat' dir='ltr'>vel</span> <span class='ocrx_word' id='word_1_82' title='bbox 1490 1345 1599 1429; x_wconf 85' lang='lat' dir='ltr'>nihil,</span> <span class='ocrx_word' id='word_1_83' title='bbox 1618 1346 1673 1421; x_wconf 83' lang='lat' dir='ltr'>vel</span> <span class='ocrx_word' id='word_1_84' title='bbox 1693 1346 1784 1419; x_wconf 89' lang='lat' dir='ltr'>male</span> <span class='ocrx_word' id='word_1_85' title='bbox 1881 1378 1899 1384; x_wconf 92' lang='lat'>··</span> 
     </span>
     <span class='ocr_line' id='line_1_10' title="bbox 436 1437 1789 1540; baseline 0.001 -25"><span class='ocrx_word' id='word_1_86' title='bbox 436 1441 594 1540; x_wconf 84' lang='lat' dir='ltr'>agendo,</span> <span class='ocrx_word' id='word_1_87' title='bbox 621 1437 792 1516; x_wconf 88' lang='lat' dir='ltr'>concessos</span> <span class='ocrx_word' id='word_1_88' title='bbox 812 1444 913 1515; x_wconf 91' lang='lat' dir='ltr'>nobis</span> <span class='ocrx_word' id='word_1_89' title='bbox 932 1442 1100 1516; x_wconf 83' lang='lat' dir='ltr'>divinitus</span> <span class='ocrx_word' id='word_1_90' title='bbox 1114 1443 1213 1525; x_wconf 87' lang='lat' dir='ltr'>dies,</span> <span class='ocrx_word' id='word_1_91' title='bbox 1243 1440 1401 1526; x_wconf 89' lang='lat' dir='ltr'>menses,</span> <span class='ocrx_word' id='word_1_92' title='bbox 1429 1470 1537 1517; x_wconf 87' lang='lat' dir='ltr'>annos</span> <span class='ocrx_word' id='word_1_93' title='bbox 1558 1444 1648 1517; x_wconf 89' lang='lat' dir='ltr'>elabi</span> <span class='ocrx_word' id='word_1_94' title='bbox 1668 1439 1789 1517; x_wconf 61' lang='lat' dir='ltr'>siverim</span> 
     </span>
     <span class='ocr_line' id='line_1_11' title="bbox 438 1536 1784 1638; baseline 0.001 -27"><span class='ocrx_word' id='word_1_95' title='bbox 438 1563 531 1613; x_wconf 85' lang='lat' dir='ltr'>mus.</span> <span class='ocrx_word' id='word_1_96' title='bbox 583 1536 762 1613; x_wconf 86' lang='lat' dir='ltr'>Admonet</span> <span class='ocrx_word' id='word_1_97' title='bbox 782 1538 861 1611; x_wconf 89' lang='lat' dir='ltr'>deni</span> <span class='ocrx_word' id='word_1_98' title='bbox 889 1563 952 1621; x_wconf 88' lang='lat' dir='ltr'>ue,</span> <span class='ocrx_word' id='word_1_99' title='bbox 972 1562 1013 1611; x_wconf 94' lang='lat' dir='ltr'>ur</span> <span class='ocrx_word' id='word_1_100' title='bbox 1031 1565 1101 1613; x_wconf 93' lang='lat' dir='ltr'>non</span> <span class='ocrx_word' id='word_1_101' title='bbox 1113 1540 1222 1612; x_wconf 91' lang='lat' dir='ltr'>modo</span> <span class='ocrx_word' id='word_1_102' title='bbox 1236 1541 1454 1638; x_wconf 89' lang='lat' dir='ltr'>inreliquum</span> <span class='ocrx_word' id='word_1_103' title='bbox 1464 1542 1545 1614; x_wconf 79' lang='lat' dir='ltr'>vitae</span> <span class='ocrx_word' id='word_1_104' title='bbox 1554 1564 1692 1638; x_wconf 84' lang='lat' dir='ltr'>tempus</span> <span class='ocrx_word' id='word_1_105' title='bbox 1702 1545 1784 1613; x_wconf 87' lang='lat' dir='ltr'>Deo</span> 
     </span>
     <span class='ocr_line' id='line_1_12' title="bbox 439 1566 1781 1737; baseline 0.001 -29"><span class='ocrx_word' id='word_1_106' title='bbox 439 1660 504 1708; x_wconf 87' lang='lat' dir='ltr'>nos</span> <span class='ocrx_word' id='word_1_107' title='bbox 525 1634 820 1717; x_wconf 86' lang='lat' dir='ltr'>commendemus,</span> <span class='ocrx_word' id='word_1_108' title='bbox 835 1566 893 1709; x_wconf 70' lang='lat' dir='ltr'>sed</span> <span class='ocrx_word' id='word_1_109' title='bbox 910 1638 946 1709; x_wconf 87' lang='lat'>&amp;</span> <span class='ocrx_word' id='word_1_110' title='bbox 960 1637 1057 1734; x_wconf 89' lang='lat' dir='ltr'>quod</span> <span class='ocrx_word' id='word_1_111' title='bbox 1070 1631 1217 1734; x_wconf 88' lang='lat' dir='ltr'>superest</span> <span class='ocrx_word' id='word_1_112' title='bbox 1227 1638 1356 1726; x_wconf 84' lang='lat' dir='ltr'>majore</span> <span class='ocrx_word' id='word_1_113' title='bbox 1369 1637 1549 1737; x_wconf 85' lang='lat' dir='ltr'>diligentia</span> <span class='ocrx_word' id='word_1_114' title='bbox 1559 1639 1781 1718; x_wconf 80' lang='lat' dir='ltr'>redimamus,</span> 
     </span>
     <span class='ocr_line' id='line_1_13' title="bbox 440 1730 1923 1832; baseline 0.003 -31"><span class='ocrx_word' id='word_1_115' title='bbox 440 1756 514 1828; x_wconf 91' lang='lat' dir='ltr'>quo</span> <span class='ocrx_word' id='word_1_116' title='bbox 532 1733 667 1803; x_wconf 87' lang='lat' dir='ltr'>beatam</span> <span class='ocrx_word' id='word_1_117' title='bbox 685 1731 787 1804; x_wconf 88' lang='lat' dir='ltr'>nobis</span> <span class='ocrx_word' id='word_1_118' title='bbox 805 1732 1057 1805; x_wconf 82' lang='lat' dir='ltr'>lucrifaciamus</span> <span class='ocrx_word' id='word_1_119' title='bbox 1078 1737 1314 1806; x_wconf 79' lang='lat' dir='ltr'>aeternitatem.</span> <span class='ocrx_word' id='word_1_120' title='bbox 1363 1738 1409 1805; x_wconf 87' lang='lat' dir='ltr'>Et</span> <span class='ocrx_word' id='word_1_121' title='bbox 1427 1734 1514 1832; x_wconf 87' lang='lat' dir='ltr'>quid</span> <span class='ocrx_word' id='word_1_122' title='bbox 1532 1738 1566 1807; x_wconf 94' lang='lat' dir='ltr'>ni</span> <span class='ocrx_word' id='word_1_123' title='bbox 1586 1736 1656 1808; x_wconf 89' lang='lat' dir='ltr'>laeti</span> <span class='ocrx_word' id='word_1_124' title='bbox 1680 1730 1782 1806; x_wconf 84' lang='lat' dir='ltr'>isthac</span> <span class='ocrx_word' id='word_1_125' title='bbox 1918 1743 1923 1749; x_wconf 83' lang='lat'><em>&#39;</em></span> 
     </span>
     <span class='ocr_line' id='line_1_14' title="bbox 439 1824 1784 1926; baseline 0.002 -29"><span class='ocrx_word' id='word_1_126' title='bbox 439 1824 612 1900; x_wconf 81' lang='lat' dir='ltr'>occasione</span> <span class='ocrx_word' id='word_1_127' title='bbox 627 1827 842 1910; x_wconf 88' lang='lat' dir='ltr'>domesticis,</span> <span class='ocrx_word' id='word_1_128' title='bbox 870 1830 1050 1926; x_wconf 86' lang='lat' dir='ltr'>cognatis,</span> <span class='ocrx_word' id='word_1_129' title='bbox 1074 1829 1299 1902; x_wconf 84' lang='lat' dir='ltr'>familiaribus</span> <span class='ocrx_word' id='word_1_130' title='bbox 1320 1831 1356 1902; x_wconf 90' lang='lat'>&amp;</span> <span class='ocrx_word' id='word_1_131' title='bbox 1369 1832 1487 1902; x_wconf 88' lang='lat' dir='ltr'>amicis</span> <span class='ocrx_word' id='word_1_132' title='bbox 1498 1831 1616 1904; x_wconf 86' lang='lat' dir='ltr'>nostris</span> <span class='ocrx_word' id='word_1_133' title='bbox 1627 1854 1784 1903; x_wconf 88' lang='lat' dir='ltr'>comme·</span> 
     </span>
     <span class='ocr_line' id='line_1_15' title="bbox 439 1921 1783 2022; baseline 0 -26"><span class='ocrx_word' id='word_1_134' title='bbox 439 1949 637 2007; x_wconf 87' lang='lat' dir='ltr'>moremus,</span> <span class='ocrx_word' id='word_1_135' title='bbox 665 1949 772 2022; x_wconf 86' lang='lat' dir='ltr'>quam</span> <span class='ocrx_word' id='word_1_136' title='bbox 790 1928 824 1997; x_wconf 93' lang='lat' dir='ltr'>in</span> <span class='ocrx_word' id='word_1_137' title='bbox 851 1924 988 1997; x_wconf 84' lang='lat' dir='ltr'>entibus</span> <span class='ocrx_word' id='word_1_138' title='bbox 1005 1949 1068 1997; x_wconf 86' lang='lat' dir='ltr'>iios</span> <span class='ocrx_word' id='word_1_139' title='bbox 1082 1921 1142 1996; x_wconf 92' lang='lat' dir='ltr'>sibi</span> <span class='ocrx_word' id='word_1_140' title='bbox 1155 1921 1327 1998; x_wconf 87' lang='lat' dir='ltr'>beneficiis</span> <span class='ocrx_word' id='word_1_141' title='bbox 1347 1929 1476 1999; x_wconf 88' lang='lat' dir='ltr'>Divina</span> <span class='ocrx_word' id='word_1_142' title='bbox 1493 1926 1708 2001; x_wconf 86' lang='lat' dir='ltr'>obstrinxerit</span> <span class='ocrx_word' id='word_1_143' title='bbox 1720 1925 1783 1996; x_wconf 89' lang='lat' dir='ltr'>be-</span> 
     </span>
     <span class='ocr_line' id='line_1_16' title="bbox 437 1948 1844 2119; baseline 0.006 -28"><span class='ocrx_word' id='word_1_144' title='bbox 437 2022 610 2119; x_wconf 87' lang='lat' dir='ltr'>nignitas,</span> <span class='ocrx_word' id='word_1_145' title='bbox 639 2017 766 2117; x_wconf 88' lang='lat' dir='ltr'>eosque</span> <span class='ocrx_word' id='word_1_146' title='bbox 786 1948 999 2118; x_wconf 70' lang='lat' dir='ltr'>asagendas</span> <span class='ocrx_word' id='word_1_147' title='bbox 1018 2017 1197 2094; x_wconf 92' lang='lat' dir='ltr'>nobiscum</span> <span class='ocrx_word' id='word_1_148' title='bbox 1217 2026 1297 2093; x_wconf 89' lang='lat' dir='ltr'>Deo</span> <span class='ocrx_word' id='word_1_149' title='bbox 1315 2026 1439 2119; x_wconf 85' lang='lat' dir='ltr'>gratias</span> <span class='ocrx_word' id='word_1_150' title='bbox 1452 2025 1666 2098; x_wconf 72' lang='lat' dir='ltr'>invitemus?</span> <span class='ocrx_word' id='word_1_151' title='bbox 1685 2019 1805 2112; x_wconf 78' lang='lat' dir='ltr'>Qiid.</span> <span class='ocrx_word' id='word_1_152' title='bbox 1841 2087 1844 2099; x_wconf 43' lang='lat' dir='ltr'>i</span> 
     </span>
     <span class='ocr_line' id='line_1_17' title="bbox 438 2113 1831 2215; baseline 0.005 -26"><span class='ocrx_word' id='word_1_153' title='bbox 438 2120 474 2189; x_wconf 93' lang='lat' dir='ltr'>ni</span> <span class='ocrx_word' id='word_1_154' title='bbox 495 2117 691 2215; x_wconf 84' lang='lat' dir='ltr'>&amp;epulum</span> <span class='ocrx_word' id='word_1_155' title='bbox 712 2116 949 2199; x_wconf 78' lang='lat' dir='ltr'>instituamus,</span> <span class='ocrx_word' id='word_1_156' title='bbox 971 2113 1097 2214; x_wconf 82' lang='lat' dir='ltr'>dapsile</span> <span class='ocrx_word' id='word_1_157' title='bbox 1121 2122 1250 2201; x_wconf 90' lang='lat' dir='ltr'>eriam,</span> <span class='ocrx_word' id='word_1_158' title='bbox 1277 2115 1499 2195; x_wconf 76' lang='lat' dir='ltr'>sifacultatee</span> <span class='ocrx_word' id='word_1_159' title='bbox 1520 2118 1641 2195; x_wconf 85' lang='lat' dir='ltr'>nostrae</span> <span class='ocrx_word' id='word_1_160' title='bbox 1661 2120 1783 2203; x_wconf 82' lang='lat' dir='ltr'>ferant,</span> <span class='ocrx_word' id='word_1_161' title='bbox 1827 2191 1831 2196; x_wconf 85' lang='lat'>.</span> 
     </span>
     <span class='ocr_line' id='line_1_18' title="bbox 437 2212 1780 2296; baseline 0.001 -11"><span class='ocrx_word' id='word_1_162' title='bbox 437 2237 474 2286; x_wconf 89' lang='lat' dir='ltr'>at</span> <span class='ocrx_word' id='word_1_163' title='bbox 485 2217 574 2288; x_wconf 91' lang='lat' dir='ltr'>intra</span> <span class='ocrx_word' id='word_1_164' title='bbox 591 2212 767 2288; x_wconf 85' lang='lat' dir='ltr'>modelliae</span> <span class='ocrx_word' id='word_1_165' title='bbox 783 2216 972 2294; x_wconf 88' lang='lat' dir='ltr'>terminos,</span> <span class='ocrx_word' id='word_1_166' title='bbox 1000 2214 1046 2285; x_wconf 87' lang='lat' dir='ltr'>ad</span> <span class='ocrx_word' id='word_1_167' title='bbox 1068 2215 1253 2287; x_wconf 86' lang='lat' dir='ltr'>fovendam</span> <span class='ocrx_word' id='word_1_168' title='bbox 1268 2216 1408 2289; x_wconf 83' lang='lat' dir='ltr'>familiae</span> <span class='ocrx_word' id='word_1_169' title='bbox 1426 2218 1535 2290; x_wconf 78' lang='lat' dir='ltr'>totius</span> <span class='ocrx_word' id='word_1_170' title='bbox 1547 2217 1780 2296; x_wconf 87' lang='lat' dir='ltr'>concordiam,</span> 
     </span>
     <span class='ocr_line' id='line_1_19' title="bbox 437 2306 1783 2412; baseline 0 -29"><span class='ocrx_word' id='word_1_171' title='bbox 437 2307 582 2383; x_wconf 88' lang='lat' dir='ltr'>animos</span> <span class='ocrx_word' id='word_1_172' title='bbox 600 2334 642 2381; x_wconf 88' lang='lat' dir='ltr'>ue</span> <span class='ocrx_word' id='word_1_173' title='bbox 661 2310 812 2399; x_wconf 84' lang='lat' dir='ltr'>jucundo</span> <span class='ocrx_word' id='word_1_174' title='bbox 829 2311 988 2384; x_wconf 78' lang='lat' dir='ltr'>amicitiae</span> <span class='ocrx_word' id='word_1_175' title='bbox 1001 2311 1142 2385; x_wconf 90' lang='lat' dir='ltr'>vinculo</span> <span class='ocrx_word' id='word_1_176' title='bbox 1160 2306 1364 2385; x_wconf 66' lang='lat' dir='ltr'>sociandos?</span> <span class='ocrx_word' id='word_1_177' title='bbox 1390 2314 1502 2386; x_wconf 86' lang='lat' dir='ltr'>Facile</span> <span class='ocrx_word' id='word_1_178' title='bbox 1523 2313 1688 2412; x_wconf 90' lang='lat' dir='ltr'>equidem</span> <span class='ocrx_word' id='word_1_179' title='bbox 1707 2319 1783 2384; x_wconf 69' lang='lat' dir='ltr'>bru·</span> 
     </span>
     <span class='ocr_line' id='line_1_20' title="bbox 438 2337 1783 2507; baseline 0.001 -28"><span class='ocrx_word' id='word_1_180' title='bbox 438 2409 511 2497; x_wconf 57' lang='lat' dir='ltr'>ebio</span> <span class='ocrx_word' id='word_1_181' title='bbox 528 2337 717 2488; x_wconf 75' lang='lat' dir='ltr'>adsentior,</span> <span class='ocrx_word' id='word_1_182' title='bbox 745 2406 877 2480; x_wconf 89' lang='lat' dir='ltr'>erudite</span> <span class='ocrx_word' id='word_1_183' title='bbox 896 2407 1087 2504; x_wconf 87' lang='lat' dir='ltr'>&amp;prolixe</span> <span class='ocrx_word' id='word_1_184' title='bbox 1107 2408 1151 2478; x_wconf 91' lang='lat' dir='ltr'>de</span> <span class='ocrx_word' id='word_1_185' title='bbox 1172 2405 1234 2482; x_wconf 85' lang='lat' dir='ltr'>hac</span> <span class='ocrx_word' id='word_1_186' title='bbox 1254 2433 1289 2479; x_wconf 92' lang='lat' dir='ltr'>re</span> <span class='ocrx_word' id='word_1_187' title='bbox 1309 2405 1494 2507; x_wconf 87' lang='lat' dir='ltr'>disputanti</span> <span class='ocrx_word' id='word_1_188' title='bbox 1511 2414 1676 2507; x_wconf 79' lang='lat' dir='ltr'>Antiquit.</span> <span class='ocrx_word' id='word_1_189' title='bbox 1700 2418 1783 2482; x_wconf 86' lang='lat' dir='ltr'>Con-</span> 
     </span>
     <span class='ocr_line' id='line_1_21' title="bbox 439 2499 1784 2598; baseline 0.001 -21"><span class='ocrx_word' id='word_1_190' title='bbox 439 2509 511 2580; x_wconf 82' lang='lat' dir='ltr'>viv.</span> <span class='ocrx_word' id='word_1_191' title='bbox 524 2500 584 2579; x_wconf 83' lang='lat' dir='ltr'>lib.</span> <span class='ocrx_word' id='word_1_192' title='bbox 602 2521 707 2598; x_wconf 67' lang='lat' dir='ltr'>neap,</span> <span class='ocrx_word' id='word_1_193' title='bbox 719 2528 805 2578; x_wconf 84' lang='lat' dir='ltr'>xvi.</span> <span class='ocrx_word' id='word_1_194' title='bbox 858 2500 964 2578; x_wconf 90' lang='lat' dir='ltr'>Unde</span> <span class='ocrx_word' id='word_1_195' title='bbox 983 2503 1057 2576; x_wconf 88' lang='lat' dir='ltr'>haec</span> <span class='ocrx_word' id='word_1_196' title='bbox 1076 2499 1189 2576; x_wconf 90' lang='lat' dir='ltr'>solum</span> <span class='ocrx_word' id='word_1_197' title='bbox 1214 2503 1317 2576; x_wconf 88' lang='lat' dir='ltr'>verba</span> <span class='ocrx_word' id='word_1_198' title='bbox 1338 2503 1525 2580; x_wconf 90' lang='lat' dir='ltr'>describere</span> <span class='ocrx_word' id='word_1_199' title='bbox 1551 2530 1640 2579; x_wconf 91' lang='lat' dir='ltr'>nunc</span> <span class='ocrx_word' id='word_1_200' title='bbox 1661 2505 1784 2579; x_wconf 82' lang='lat' dir='ltr'>lubere</span> 
     </span>
     <span class='ocr_line' id='line_1_22' title="bbox 439 2597 1785 2700; baseline 0 -25"><span class='ocrx_word' id='word_1_201' title='bbox 439 2604 558 2700; x_wconf 53' lang='lat' dir='ltr'>,Quum</span> <span class='ocrx_word' id='word_1_202' title='bbox 574 2597 729 2696; x_wconf 80' lang='lat' dir='ltr'>ingensfit</span> <span class='ocrx_word' id='word_1_203' title='bbox 742 2602 810 2676; x_wconf 82' lang='lat' dir='ltr'>Dei</span> <span class='ocrx_word' id='word_1_204' title='bbox 828 2605 939 2675; x_wconf 74' lang='lat' dir='ltr'>dorion</span> <span class='ocrx_word' id='word_1_205' title='bbox 953 2602 1106 2674; x_wconf 78' lang='lat' dir='ltr'>hominem</span> <span class='ocrx_word' id='word_1_206' title='bbox 1124 2597 1206 2690; x_wconf 65' lang='lat' dir='ltr'>nulii</span> <span class='ocrx_word' id='word_1_207' title='bbox 1216 2652 1228 2689; x_wconf 91' lang='lat'>,</span> <span class='ocrx_word' id='word_1_208' title='bbox 1251 2605 1327 2675; x_wconf 76' lang='lat' dir='ltr'>vire</span> <span class='ocrx_word' id='word_1_209' title='bbox 1338 2602 1472 2700; x_wconf 76' lang='lat' dir='ltr'>lucisque</span> <span class='ocrx_word' id='word_1_210' title='bbox 1485 2602 1785 2698; x_wconf 72' lang='lat' dir='ltr'>hujusjucundaear·</span> 
     </span>
     <span class='ocr_line' id='line_1_23' title="bbox 436 2692 1784 2799; baseline 0 -27"><span class='ocrx_word' id='word_1_211' title='bbox 436 2724 502 2799; x_wconf 80' lang='lat' dir='ltr'>que</span> <span class='ocrx_word' id='word_1_212' title='bbox 515 2699 669 2788; x_wconf 57' lang='lat' dir='ltr'>salutari</span> <span class='ocrx_word' id='word_1_213' title='bbox 681 2701 870 2794; x_wconf 69' lang='lat' dir='ltr'>participor</span> <span class='ocrx_word' id='word_1_214' title='bbox 885 2692 985 2785; x_wconf 79' lang='lat' dir='ltr'>fieri,</span> <span class='ocrx_word' id='word_1_215' title='bbox 1010 2723 1071 2771; x_wconf 78' lang='lat' dir='ltr'>non</span> <span class='ocrx_word' id='word_1_216' title='bbox 1085 2697 1243 2781; x_wconf 79' lang='lat' dir='ltr'>alienum,</span> <span class='ocrx_word' id='word_1_217' title='bbox 1259 2722 1327 2774; x_wconf 84' lang='lat' dir='ltr'>meo</span> <span class='ocrx_word' id='word_1_218' title='bbox 1340 2698 1482 2791; x_wconf 82' lang='lat' dir='ltr'>judicio,</span> <span class='ocrx_word' id='word_1_219' title='bbox 1503 2698 1546 2785; x_wconf 78' lang='lat' dir='ltr'>est</span> <span class='ocrx_word' id='word_1_220' title='bbox 1564 2703 1647 2796; x_wconf 83' lang='lat' dir='ltr'>apii</span> <span class='ocrx_word' id='word_1_221' title='bbox 1655 2696 1784 2784; x_wconf 74' lang='lat' dir='ltr'>honerii·</span> 
     </span>
     <span class='ocr_line' id='line_1_24' title="bbox 441 2792 1961 2895; baseline -0.001 -25"><span class='ocrx_word' id='word_1_222' title='bbox 441 2821 502 2895; x_wconf 80' lang='lat' dir='ltr'>que</span> <span class='ocrx_word' id='word_1_223' title='bbox 519 2800 585 2869; x_wconf 82' lang='lat' dir='ltr'>viri</span> <span class='ocrx_word' id='word_1_224' title='bbox 603 2792 720 2887; x_wconf 79' lang='lat' dir='ltr'>officio,</span> <span class='ocrx_word' id='word_1_225' title='bbox 746 2801 784 2866; x_wconf 83' lang='lat' dir='ltr'>de</span> <span class='ocrx_word' id='word_1_226' title='bbox 801 2820 839 2867; x_wconf 85' lang='lat' dir='ltr'>eo</span> <span class='ocrx_word' id='word_1_227' title='bbox 855 2799 930 2868; x_wconf 86' lang='lat' dir='ltr'>Deo</span> <span class='ocrx_word' id='word_1_228' title='bbox 942 2799 1071 2892; x_wconf 75' lang='lat' dir='ltr'>gratiae</span> <span class='ocrx_word' id='word_1_229' title='bbox 1087 2818 1203 2889; x_wconf 82' lang='lat' dir='ltr'>agere,</span> <span class='ocrx_word' id='word_1_230' title='bbox 1226 2798 1270 2869; x_wconf 62' lang='lat' dir='ltr'>dr</span> <span class='ocrx_word' id='word_1_231' title='bbox 1285 2800 1386 2871; x_wconf 84' lang='lat' dir='ltr'>animi</span> <span class='ocrx_word' id='word_1_232' title='bbox 1404 2797 1599 2872; x_wconf 82' lang='lat' dir='ltr'>hilaritarem</span> <span class='ocrx_word' id='word_1_233' title='bbox 1618 2802 1653 2871; x_wconf 88' lang='lat' dir='ltr'>iri</span> <span class='ocrx_word' id='word_1_234' title='bbox 1670 2797 1785 2893; x_wconf 84' lang='lat' dir='ltr'>gratir&#39;t</span> <span class='ocrx_word' id='word_1_235' title='bbox 1795 2848 1807 2871; x_wconf 79' lang='lat'>,·</span> <span class='ocrx_word' id='word_1_236' title='bbox 1950 2795 1961 2862; x_wconf 87' lang='grc'>.“</span> 
     </span>
     <span class='ocr_line' id='line_1_25' title="bbox 439 2889 1787 2989; baseline 0 -23"><span class='ocrx_word' id='word_1_237' title='bbox 439 2898 585 2989; x_wconf 68' lang='lat' dir='ltr'>agendii,</span> <span class='ocrx_word' id='word_1_238' title='bbox 608 2889 735 2974; x_wconf 78' lang='lat' dir='ltr'>modesti</span> <span class='ocrx_word' id='word_1_239' title='bbox 748 2891 881 2985; x_wconf 76' lang='lat' dir='ltr'>alicirjur</span> <span class='ocrx_word' id='word_1_240' title='bbox 896 2895 1040 2966; x_wconf 81' lang='lat' dir='ltr'>convivii</span> <span class='ocrx_word' id='word_1_241' title='bbox 1057 2889 1146 2988; x_wconf 76' lang='lat' dir='ltr'>quast</span> <span class='ocrx_word' id='word_1_242' title='bbox 1157 2912 1288 2969; x_wconf 82' lang='lat' dir='ltr'>externo</span> <span class='ocrx_word' id='word_1_243' title='bbox 1297 2892 1437 2989; x_wconf 78' lang='lat' dir='ltr'>symbolo</span> <span class='ocrx_word' id='word_1_244' title='bbox 1453 2890 1624 2984; x_wconf 71' lang='lat' dir='ltr'>testificari.</span> <span class='ocrx_word' id='word_1_245' title='bbox 1673 2901 1721 2967; x_wconf 87' lang='lat' dir='ltr'>At</span> <span class='ocrx_word' id='word_1_246' title='bbox 1730 2895 1787 2966; x_wconf 87' lang='lat' dir='ltr'>ni-</span> 
     </span>
     <span class='ocr_line' id='line_1_26' title="bbox 440 2987 2006 3088; baseline 0 -25"><span class='ocrx_word' id='word_1_247' title='bbox 440 2989 496 3063; x_wconf 86' lang='lat' dir='ltr'>lril</span> <span class='ocrx_word' id='word_1_248' title='bbox 514 3014 586 3063; x_wconf 89' lang='lat' dir='ltr'>tam</span> <span class='ocrx_word' id='word_1_249' title='bbox 601 3015 725 3088; x_wconf 90' lang='lat' dir='ltr'>purum</span> <span class='ocrx_word' id='word_1_250' title='bbox 740 2987 787 3062; x_wconf 89' lang='lat' dir='ltr'>est</span> <span class='ocrx_word' id='word_1_251' title='bbox 802 2988 901 3084; x_wconf 92' lang='lat' dir='ltr'>quod</span> <span class='ocrx_word' id='word_1_252' title='bbox 914 3014 984 3062; x_wconf 93' lang='lat' dir='ltr'>non</span> <span class='ocrx_word' id='word_1_253' title='bbox 1002 2991 1097 3062; x_wconf 88' lang='lat' dir='ltr'>vitiis</span> <span class='ocrx_word' id='word_1_254' title='bbox 1109 2987 1177 3063; x_wconf 85' lang='lat' dir='ltr'>suis</span> <span class='ocrx_word' id='word_1_255' title='bbox 1194 2989 1355 3065; x_wconf 82' lang='lat' dir='ltr'>homines</span> <span class='ocrx_word' id='word_1_256' title='bbox 1373 2994 1536 3067; x_wconf 88' lang='lat' dir='ltr'>mundani</span> <span class='ocrx_word' id='word_1_257' title='bbox 1549 3010 1784 3087; x_wconf 81' lang='lat' dir='ltr'>corrumpant.</span> <span class='ocrx_word' id='word_1_258' title='bbox 1882 3062 1888 3085; x_wconf 87' lang='lat'>-.</span> <span class='ocrx_word' id='word_1_259' title='bbox 2002 3080 2006 3086; x_wconf 16' lang='grc' dir='ltr'><strong>ν</strong></span> 
     </span>
     <span class='ocr_line' id='line_1_27' title="bbox 440 3082 1789 3184; baseline -0.004 -24"><span class='ocrx_word' id='word_1_260' title='bbox 440 3090 549 3160; x_wconf 90' lang='lat' dir='ltr'>Diem</span> <span class='ocrx_word' id='word_1_261' title='bbox 571 3090 662 3160; x_wconf 91' lang='lat' dir='ltr'>enini</span> <span class='ocrx_word' id='word_1_262' title='bbox 680 3085 853 3166; x_wconf 86' lang='lat' dir='ltr'>natalem,</span> <span class='ocrx_word' id='word_1_263' title='bbox 880 3112 987 3182; x_wconf 92' lang='lat' dir='ltr'>quem</span> <span class='ocrx_word' id='word_1_264' title='bbox 1005 3082 1134 3160; x_wconf 83' lang='lat' dir='ltr'>sacrum</span> <span class='ocrx_word' id='word_1_265' title='bbox 1154 3082 1218 3158; x_wconf 86' lang='lat' dir='ltr'>elle</span> <span class='ocrx_word' id='word_1_266' title='bbox 1231 3089 1436 3184; x_wconf 90' lang='lat' dir='ltr'>oportebat,</span> <span class='ocrx_word' id='word_1_267' title='bbox 1463 3089 1556 3163; x_wconf 85' lang='lat' dir='ltr'>nulla</span> <span class='ocrx_word' id='word_1_268' title='bbox 1579 3086 1789 3184; x_wconf 82' lang='lat' dir='ltr'>plerumque</span> 
     </span>
     <span class='ocr_line' id='line_1_28' title="bbox 440 3178 1788 3281; baseline -0.005 -23"><span class='ocrx_word' id='word_1_269' title='bbox 440 3179 570 3258; x_wconf 88' lang='lat' dir='ltr'>servata</span> <span class='ocrx_word' id='word_1_270' title='bbox 586 3185 774 3281; x_wconf 92' lang='lat' dir='ltr'>temperie,</span> <span class='ocrx_word' id='word_1_271' title='bbox 803 3179 987 3265; x_wconf 87' lang='lat' dir='ltr'>ebrietate,</span> <span class='ocrx_word' id='word_1_272' title='bbox 1060 3182 1115 3264; x_wconf 81' lang='lat' dir='ltr'>la,</span> <span class='ocrx_word' id='word_1_273' title='bbox 1137 3181 1282 3255; x_wconf 87' lang='lat' dir='ltr'>libidine</span> <span class='ocrx_word' id='word_1_274' title='bbox 1304 3184 1342 3254; x_wconf 75' lang='lat' dir='ltr'>bc</span> <span class='ocrx_word' id='word_1_275' title='bbox 1364 3183 1601 3256; x_wconf 85' lang='lat' dir='ltr'>inverecundis</span> <span class='ocrx_word' id='word_1_276' title='bbox 1619 3178 1788 3253; x_wconf 88' lang='lat' dir='ltr'>sermoni·</span> 
     </span>
     <span class='ocr_line' id='line_1_29' title="bbox 442 3207 1790 3378; baseline -0.002 -25"><span class='ocrx_word' id='word_1_277' title='bbox 442 3278 509 3353; x_wconf 88' lang='lat' dir='ltr'>bus</span> <span class='ocrx_word' id='word_1_278' title='bbox 525 3281 726 3378; x_wconf 85' lang='lat' dir='ltr'>profanant,</span> <span class='ocrx_word' id='word_1_279' title='bbox 753 3279 964 3376; x_wconf 81' lang='lat' dir='ltr'>pessimeque</span> <span class='ocrx_word' id='word_1_280' title='bbox 982 3207 1186 3374; x_wconf 69' lang='lat' dir='ltr'>dildpidant.</span> <span class='ocrx_word' id='word_1_281' title='bbox 1236 3275 1342 3355; x_wconf 88' lang='lat' dir='ltr'>Unde</span> <span class='ocrx_word' id='word_1_282' title='bbox 1362 3279 1512 3376; x_wconf 85' lang='lat' dir='ltr'>plurima</span> <span class='ocrx_word' id='word_1_283' title='bbox 1531 3274 1618 3376; x_wconf 74' lang='lat' dir='ltr'>sepe</span> <span class='ocrx_word' id='word_1_284' title='bbox 1630 3279 1790 3350; x_wconf 78' lang='lat' dir='ltr'>oriuntur</span> 
     </span>
     <span class='ocr_line' id='line_1_30' title="bbox 441 3369 1686 3471; baseline -0.002 -20"><span class='ocrx_word' id='word_1_285' title='bbox 441 3377 547 3452; x_wconf 90' lang='lat' dir='ltr'>mala.</span> <span class='ocrx_word' id='word_1_286' title='bbox 597 3377 754 3466; x_wconf 83' lang='lat' dir='ltr'>Quod&amp;</span> <span class='ocrx_word' id='word_1_287' title='bbox 770 3378 807 3447; x_wconf 92' lang='lat' dir='ltr'>iri</span> <span class='ocrx_word' id='word_1_288' title='bbox 820 3370 996 3447; x_wconf 87' lang='lat' dir='ltr'>luxurioso</span> <span class='ocrx_word' id='word_1_289' title='bbox 1011 3369 1079 3448; x_wconf 89' lang='lat' dir='ltr'>hoc</span> <span class='ocrx_word' id='word_1_290' title='bbox 1089 3372 1242 3445; x_wconf 82' lang='lat' dir='ltr'>Herodis</span> <span class='ocrx_word' id='word_1_291' title='bbox 1259 3372 1364 3471; x_wconf 89' lang='lat' dir='ltr'>epulo</span> <span class='ocrx_word' id='word_1_292' title='bbox 1382 3373 1686 3471; x_wconf 76' lang='lat' dir='ltr'>deprehendimus·</span> 
     </span>
     <span class='ocr_line' id='line_1_31' title="bbox 480 3467 1942 3559; baseline -0.001 -13"><span class='ocrx_word' id='word_1_293' title='bbox 480 3493 490 3524; x_wconf 82' lang='lat'>·&#39;</span> <span class='ocrx_word' id='word_1_294' title='bbox 541 3478 728 3547; x_wconf 84' lang='lat' dir='ltr'>LXXVII.</span> <span class='ocrx_word' id='word_1_295' title='bbox 754 3472 913 3545; x_wconf 80' lang='lat' dir='ltr'>Saltatum</span> <span class='ocrx_word' id='word_1_296' title='bbox 935 3473 1025 3544; x_wconf 87' lang='lat' dir='ltr'>enim</span> <span class='ocrx_word' id='word_1_297' title='bbox 1047 3495 1090 3544; x_wconf 89' lang='lat' dir='ltr'>eo</span> <span class='ocrx_word' id='word_1_298' title='bbox 1109 3470 1204 3542; x_wconf 86' lang='lat' dir='ltr'>venit</span> <span class='ocrx_word' id='word_1_299' title='bbox 1235 3472 1445 3544; x_wconf 88' lang='lat' dir='ltr'>Herodiadis</span> <span class='ocrx_word' id='word_1_300' title='bbox 1467 3467 1568 3559; x_wconf 81' lang='lat' dir='ltr'>filia3</span> <span class='ocrx_word' id='word_1_301' title='bbox 1594 3497 1636 3544; x_wconf 92' lang='lat' dir='ltr'>an</span> <span class='ocrx_word' id='word_1_302' title='bbox 1658 3496 1702 3547; x_wconf 90' lang='lat' dir='ltr'>eir</span> <span class='ocrx_word' id='word_1_303' title='bbox 1718 3468 1942 3558; x_wconf 72' lang='lat' dir='ltr'>suremvm</span> 
     </span>
     <span class='ocr_line' id='line_1_32' title="bbox 467 3564 1950 3666; baseline -0.001 -22"><span class='ocrx_word' id='word_1_304' title='bbox 467 3573 555 3644; x_wconf 85' lang='lat' dir='ltr'>entis</span> <span class='ocrx_word' id='word_1_305' title='bbox 570 3569 752 3652; x_wconf 85' lang='lat' dir='ltr'>instituto,</span> <span class='ocrx_word' id='word_1_306' title='bbox 779 3596 821 3643; x_wconf 89' lang='lat' dir='ltr'>ari</span> <span class='ocrx_word' id='word_1_307' title='bbox 833 3568 1027 3643; x_wconf 91' lang='lat' dir='ltr'>Gentilium</span> <span class='ocrx_word' id='word_1_308' title='bbox 1037 3591 1152 3648; x_wconf 87' lang='lat' dir='ltr'>more,</span> <span class='ocrx_word' id='word_1_309' title='bbox 1181 3564 1370 3665; x_wconf 86' lang='lat' dir='ltr'>discrepant</span> <span class='ocrx_word' id='word_1_310' title='bbox 1387 3577 1603 3666; x_wconf 72' lang='lat' dir='ltr'>Interpreteo</span> <span class='ocrx_word' id='word_1_311' title='bbox 1653 3566 1950 3646; x_wconf 64' lang='lat' dir='ltr'>Groeiassrsatmi·</span> 
     </span>
     <span class='ocr_line' id='line_1_33' title="bbox 438 3593 1959 3781; baseline -0.002 -37"><span class='ocrx_word' id='word_1_312' title='bbox 438 3593 485 3744; x_wconf 64' lang='lat' dir='ltr'>fic</span> <span class='ocrx_word' id='word_1_313' title='bbox 508 3688 789 3741; x_wconf 87' lang='lat' dir='ltr'>commentatur:</span> <span class='ocrx_word' id='word_1_314' title='bbox 815 3663 990 3760; x_wconf 63' lang='grc' dir='ltr'>ὀρχήσατο,</span> <span class='ocrx_word' id='word_1_315' title='bbox 1014 3662 1150 3739; x_wconf 75' lang='lat' dir='ltr'>moribus</span> <span class='ocrx_word' id='word_1_316' title='bbox 1168 3666 1308 3745; x_wconf 67' lang='lat' dir='ltr'>lonico,</span> <span class='ocrx_word' id='word_1_317' title='bbox 1334 3684 1371 3738; x_wconf 88' lang='lat' dir='ltr'>ut</span> <span class='ocrx_word' id='word_1_318' title='bbox 1395 3671 1410 3739; x_wconf 80' lang='grc' dir='ltr'><strong><em>ἰ</em></strong></span> <span class='ocrx_word' id='word_1_319' title='bbox 1451 3671 1499 3738; x_wconf 80' lang='lat' dir='ltr'>uir</span> <span class='ocrx_word' id='word_1_320' title='bbox 1522 3670 1705 3742; x_wconf 77' lang='lat' dir='ltr'>Horatius:</span> <span class='ocrx_word' id='word_1_321' title='bbox 1729 3645 1959 3781; x_wconf 52' lang='lat' dir='ltr'>nonsss&#39;fsflf&#39;f&#39;</span> 
     </span>
     <span class='ocr_line' id='line_1_34' title="bbox 441 3742 1991 3861; baseline 0.001 -21"><span class='ocrx_word' id='word_1_322' title='bbox 441 3769 518 3841; x_wconf 78' lang='lat' dir='ltr'>rudi</span> <span class='ocrx_word' id='word_1_323' title='bbox 532 3766 586 3838; x_wconf 70' lang='lat' dir='ltr'>riu</span> <span class='ocrx_word' id='word_1_324' title='bbox 598 3783 634 3836; x_wconf 86' lang='lat' dir='ltr'>at</span> <span class='ocrx_word' id='word_1_325' title='bbox 655 3788 695 3835; x_wconf 85' lang='lat' dir='ltr'>ue</span> <span class='ocrx_word' id='word_1_326' title='bbox 712 3760 909 3859; x_wconf 72' lang='lat' dir='ltr'>inconposito</span> <span class='ocrx_word' id='word_1_327' title='bbox 918 3761 1058 3851; x_wconf 78' lang='lat' dir='ltr'>saltmdi&#39;</span> <span class='ocrx_word' id='word_1_328' title='bbox 1071 3786 1211 3857; x_wconf 81' lang='lat' dir='ltr'>genere,</span> <span class='ocrx_word' id='word_1_329' title='bbox 1236 3766 1317 3859; x_wconf 78' lang='lat' dir='ltr'>quod</span> <span class='ocrx_word' id='word_1_330' title='bbox 1334 3764 1407 3860; x_wconf 80' lang='lat' dir='ltr'>inp</span> <span class='ocrx_word' id='word_1_331' title='bbox 1449 3762 1519 3836; x_wconf 70' lang='lat' dir='ltr'>licei</span> <span class='ocrx_word' id='word_1_332' title='bbox 1527 3768 1652 3861; x_wconf 71' lang='lat' dir='ltr'>gaudiis</span> <span class='ocrx_word' id='word_1_333' title='bbox 1667 3787 1787 3840; x_wconf 87' lang='lat' dir='ltr'>marro·</span> <span class='ocrx_word' id='word_1_334' title='bbox 1799 3744 1904 3859; x_wconf 41' lang='grc' dir='ltr'>ζῷ’</span> <span class='ocrx_word' id='word_1_335' title='bbox 1913 3742 1967 3859; x_wconf 60' lang='lat'>,⁸2⁴</span> <span class='ocrx_word' id='word_1_336' title='bbox 1988 3837 1991 3842; x_wconf 84' lang='lat'>.</span> 
     </span>
     <span class='ocr_line' id='line_1_35' title="bbox 441 3855 1926 3960; baseline -0.002 -24"><span class='ocrx_word' id='word_1_337' title='bbox 441 3867 492 3936; x_wconf 78' lang='lat' dir='ltr'>iiie</span> <span class='ocrx_word' id='word_1_338' title='bbox 510 3865 598 3957; x_wconf 79' lang='lat' dir='ltr'>virgi</span> <span class='ocrx_word' id='word_1_339' title='bbox 626 3866 631 3879; x_wconf 90' lang='lat'>&#39;</span> <span class='ocrx_word' id='word_1_340' title='bbox 650 3880 747 3957; x_wconf 77' lang='lat' dir='ltr'>arque</span> <span class='ocrx_word' id='word_1_341' title='bbox 763 3862 886 3957; x_wconf 67' lang='lat' dir='ltr'>Juder&#39;r</span> <span class='ocrx_word' id='word_1_342' title='bbox 895 3863 1070 3956; x_wconf 77' lang='lat' dir='ltr'>antiquitus</span> <span class='ocrx_word' id='word_1_343' title='bbox 1081 3858 1263 3956; x_wconf 75' lang='lat' dir='ltr'>usinparum</span> <span class='ocrx_word' id='word_1_344' title='bbox 1276 3855 1356 3948; x_wconf 79' lang='lat' dir='ltr'>fuit.</span> <span class='ocrx_word' id='word_1_345' title='bbox 1407 3867 1443 3936; x_wconf 80' lang='lat' dir='ltr'><em>A</em></span> <span class='ocrx_word' id='word_1_346' title='bbox 1451 3857 1708 3960; x_wconf 69' lang='lat' dir='ltr'>finitimisregm&#39;r</span> <span class='ocrx_word' id='word_1_347' title='bbox 1721 3876 1926 3938; x_wconf 61' lang='lat' dir='ltr'>morcinum</span> 
     </span>
     <span class='ocr_line' id='line_1_36' title="bbox 439 3955 1941 4060; baseline 0.001 -26"><span class='ocrx_word' id='word_1_348' title='bbox 439 3957 501 4045; x_wconf 76' lang='lat' dir='ltr'>iste</span> <span class='ocrx_word' id='word_1_349' title='bbox 517 3962 552 4031; x_wconf 81' lang='lat' dir='ltr'>iri</span> <span class='ocrx_word' id='word_1_350' title='bbox 563 3958 669 4032; x_wconf 73' lang='lat' dir='ltr'>aulam</span> <span class='ocrx_word' id='word_1_351' title='bbox 686 3958 863 4048; x_wconf 58' lang='lat' dir='ltr'>judaicam</span> <span class='ocrx_word' id='word_1_352' title='bbox 876 3955 1072 4050; x_wconf 75' lang='lat' dir='ltr'>pervaserat.</span> <span class='ocrx_word' id='word_1_353' title='bbox 1120 3959 1216 4030; x_wconf 79' lang='lat' dir='ltr'>Sirio</span> <span class='ocrx_word' id='word_1_354' title='bbox 1232 3960 1378 4060; x_wconf 79' lang='lat' dir='ltr'>AEgyptr&#39;i</span> <span class='ocrx_word' id='word_1_355' title='bbox 1389 3961 1484 4056; x_wconf 69' lang='lat' dir='ltr'>nego</span> <span class='ocrx_word' id='word_1_356' title='bbox 1499 3962 1679 4034; x_wconf 81' lang='lat' dir='ltr'>convivium</span> <span class='ocrx_word' id='word_1_357' title='bbox 1690 3965 1888 4035; x_wconf 63' lang='lat' dir='ltr'>interro</span> <span class='ocrx_word' id='word_1_358' title='bbox 1905 3969 1941 4008; x_wconf 74' lang='lat'>⁴⁸</span> 
     </span>
     <span class='ocr_line' id='line_1_37' title="bbox 439 4028 1966 4153; baseline 0.001 -21"><span class='ocrx_word' id='word_1_359' title='bbox 439 4056 568 4132; x_wconf 62' lang='lat' dir='ltr'>odam</span> <span class='ocrx_word' id='word_1_360' title='bbox 587 4053 750 4149; x_wconf 63' lang='grc' dir='ltr'>ὄρχέςμδὶι</span> <span class='ocrx_word' id='word_1_361' title='bbox 767 4053 896 4149; x_wconf 65' lang='lat' dir='ltr'>longini</span> <span class='ocrx_word' id='word_1_362' title='bbox 908 4053 1106 4142; x_wconf 66' lang='lat' dir='ltr'>[muricem</span> <span class='ocrx_word' id='word_1_363' title='bbox 1122 4058 1295 4136; x_wconf 80' lang='lat' dir='ltr'>decoram,</span> <span class='ocrx_word' id='word_1_364' title='bbox 1319 4076 1432 4130; x_wconf 78' lang='lat' dir='ltr'>omar</span> <span class='ocrx_word' id='word_1_365' title='bbox 1448 4053 1606 4153; x_wconf 71' lang='lat' dir='ltr'>Josephur</span> <span class='ocrx_word' id='word_1_366' title='bbox 1625 4061 1790 4153; x_wconf 78' lang='lat' dir='ltr'>Originum</span> <span class='ocrx_word' id='word_1_367' title='bbox 1798 4052 1827 4122; x_wconf 59' lang='grc' dir='ltr'>’ἕ</span> <span class='ocrx_word' id='word_1_368' title='bbox 1838 4028 1966 4122; x_wconf 39' lang='lat' dir='ltr'>{aegen-</span> 
     </span>
     <span class='ocr_line' id='line_1_38' title="bbox 442 4143 1790 4268; baseline -0.005 -39"><span class='ocrx_word' id='word_1_369' title='bbox 442 4178 487 4229; x_wconf 84' lang='lat' dir='ltr'>xi</span> <span class='ocrx_word' id='word_1_370' title='bbox 500 4176 531 4227; x_wconf 92' lang='lat' dir='ltr'>i.</span> <span class='ocrx_word' id='word_1_371' title='bbox 571 4158 661 4229; x_wconf 83' lang='lat' dir='ltr'>Dior</span> <span class='ocrx_word' id='word_1_372' title='bbox 677 4158 718 4226; x_wconf 79' lang='lat' dir='ltr'>de</span> <span class='ocrx_word' id='word_1_373' title='bbox 738 4157 825 4247; x_wconf 84' lang='lat' dir='ltr'>Rege</span> <span class='ocrx_word' id='word_1_374' title='bbox 846 4148 964 4268; x_wconf 42' lang='lat' dir='ltr'>Edessa!</span> <span class='ocrx_word' id='word_1_375' title='bbox 980 4148 1112 4245; x_wconf 70' lang='lat' dir='ltr'>Traiani</span> <span class='ocrx_word' id='word_1_376' title='bbox 1128 4148 1345 4249; x_wconf 78' lang='lat' dir='ltr'>temporibur;</span> <span class='ocrx_word' id='word_1_377' title='bbox 1372 4149 1430 4219; x_wconf 76' lang='lat' dir='ltr'>Kal</span> <span class='ocrx_word' id='word_1_378' title='bbox 1449 4149 1583 4224; x_wconf 75' lang='lat' dir='ltr'>aie-lero</span> <span class='ocrx_word' id='word_1_379' title='bbox 1597 4152 1699 4223; x_wconf 70' lang='grc' dir='ltr'>αὐτὸν·</span> <span class='ocrx_word' id='word_1_380' title='bbox 1722 4162 1750 4223; x_wconf 69' lang='lat' dir='ltr'>lv</span> <span class='ocrx_word' id='word_1_381' title='bbox 1770 4143 1790 4244; x_wconf 80' lang='grc'><strong>5</strong></span> 
     </span>
    </p>
   </div>
   <div class='ocr_carea' id='block_1_3' title="bbox 440 4246 1799 4637">
    <p class='ocr_par' dir='ltr' id='par_1_3' title="bbox 440 4246 1799 4637">
     <span class='ocr_line' id='line_1_39' title="bbox 443 4246 1791 4346; baseline 0.004 -31"><span class='ocrx_word' id='word_1_382' title='bbox 443 4254 488 4333; x_wconf 69' lang='grc' dir='ltr'>τῇ</span> <span class='ocrx_word' id='word_1_383' title='bbox 503 4250 608 4333; x_wconf 56' lang='lat' dir='ltr'>stimet</span> <span class='ocrx_word' id='word_1_384' title='bbox 625 4251 726 4318; x_wconf 61' lang='lat' dir='ltr'>veisa</span> <span class='ocrx_word' id='word_1_385' title='bbox 742 4252 835 4315; x_wconf 68' lang='grc' dir='ltr'>ἱαντὲ</span> <span class='ocrx_word' id='word_1_386' title='bbox 853 4252 1047 4345; x_wconf 61' lang='lat' dir='ltr'>&amp;emmor</span> <span class='ocrx_word' id='word_1_387' title='bbox 1064 4251 1256 4344; x_wconf 66' lang='grc' dir='ltr'>βιςβιςσκός</span> <span class='ocrx_word' id='word_1_388' title='bbox 1274 4253 1335 4323; x_wconf 68' lang='grc' dir='ltr'>πῶς</span> <span class='ocrx_word' id='word_1_389' title='bbox 1349 4246 1538 4346; x_wconf 63' lang='lat' dir='ltr'>aegiptum</span> <span class='ocrx_word' id='word_1_390' title='bbox 1583 4255 1638 4330; x_wconf 85' lang='lat' dir='ltr'>Sic</span> <span class='ocrx_word' id='word_1_391' title='bbox 1650 4257 1791 4329; x_wconf 73' lang='lat' dir='ltr'>Grorr&#39;tae.</span> 
     </span>
     <span class='ocr_line' id='line_1_40' title="bbox 443 4342 1793 4448; baseline -0.001 -25"><span class='ocrx_word' id='word_1_392' title='bbox 443 4355 494 4423; x_wconf 82' lang='lat' dir='ltr'>At</span> <span class='ocrx_word' id='word_1_393' title='bbox 513 4349 620 4448; x_wconf 83' lang='lat' dir='ltr'>longe</span> <span class='ocrx_word' id='word_1_394' title='bbox 634 4348 734 4423; x_wconf 83' lang='lat' dir='ltr'>aliter</span> <span class='ocrx_word' id='word_1_395' title='bbox 752 4345 961 4445; x_wconf 71' lang='lat' dir='ltr'>ngfootur</span> <span class='ocrx_word' id='word_1_396' title='bbox 987 4344 1143 4443; x_wconf 49' lang='lat' dir='ltr'>dasteri</span> <span class='ocrx_word' id='word_1_397' title='bbox 1162 4349 1179 4415; x_wconf 68' lang='grc' dir='ltr'><strong><em>ἡ</em></strong></span> <span class='ocrx_word' id='word_1_398' title='bbox 1198 4342 1351 4442; x_wconf 59' lang='grc' dir='ltr'>θυγάτηρ</span> <span class='ocrx_word' id='word_1_399' title='bbox 1402 4350 1572 4427; x_wconf 73' lang='lat' dir='ltr'>Neriton</span> <span class='ocrx_word' id='word_1_400' title='bbox 1589 4376 1631 4426; x_wconf 85' lang='lat' dir='ltr'>er</span> <span class='ocrx_word' id='word_1_401' title='bbox 1648 4349 1793 4430; x_wconf 77' lang='lat' dir='ltr'>levitati,</span> 
     </span>
     <span class='ocr_line' id='line_1_41' title="bbox 440 4442 1799 4637; baseline 0.001 -107"><span class='ocrx_word' id='word_1_402' title='bbox 440 4470 540 4547; x_wconf 77' lang='lat' dir='ltr'>quam</span> <span class='ocrx_word' id='word_1_403' title='bbox 542 4469 631 4628; x_wconf 38' lang='lat' dir='ltr'>pacm.</span> <span class='ocrx_word' id='word_1_404' title='bbox 612 4471 707 4632; x_wconf 65' lang='lat' dir='ltr'>»10er</span> <span class='ocrx_word' id='word_1_405' title='bbox 709 4450 900 4546; x_wconf 65' lang='lat' dir='ltr'>gener-it·</span> <span class='ocrx_word' id='word_1_406' title='bbox 911 4442 1330 4633; x_wconf 55' lang='lat' dir='ltr'>oumfrmmppidlr&#39;m</span> <span class='ocrx_word' id='word_1_407' title='bbox 1346 4446 1483 4541; x_wconf 67' lang='lat' dir='ltr'>lenna.</span> <span class='ocrx_word' id='word_1_408' title='bbox 1493 4466 1602 4550; x_wconf 68' lang='lat' dir='ltr'>⁸aerqrre</span> <span class='ocrx_word' id='word_1_409' title='bbox 1616 4442 1799 4637; x_wconf 47' lang='lat' dir='ltr'>obrem</span> 
     </span>
    </p>
   </div>
   <div class='ocr_carea' id='block_1_4' title="bbox 0 0 2339 5442">
    <p class='ocr_par' dir='ltr' id='par_1_4' title="bbox 0 0 2339 5442">
     <span class='ocr_line' id='line_1_42' title="bbox 0 0 2339 5442; baseline 0 0"><span class='ocrx_word' id='word_1_410' title='bbox 0 0 2339 5442; x_wconf 95' lang='lat' dir='ltr'> </span> 
     </span>
    </p>
   </div>
   <div class='ocr_carea' id='block_1_5' title="bbox 1799 4100 2061 4182">
    <p class='ocr_par' dir='ltr' id='par_1_5' title="bbox 1799 4100 2061 4182">
     <span class='ocr_line' id='line_1_43' title="bbox 1799 4100 2061 4182; baseline 0 -18"><span class='ocrx_word' id='word_1_411' title='bbox 1799 4100 1966 4178; x_wconf 73' lang='lat' dir='ltr'>ritinssmm·</span> <span class='ocrx_word' id='word_1_412' title='bbox 2059 4177 2061 4182; x_wconf 21' lang='grc' dir='ltr'>ι</span> 
     </span>
    </p>
   </div>
  </div>
 </body>
</html>
