4667 5442
369 981 491 1123 xllxll.

370 1135 504 1193 Variaab·

369 1210 431 1268 binc
448 1213 539 1270 Hirro·

362 1289 469 1361 solyme
478 1286 522 1358 fit-

367 1383 417 1433 u,
437 1367 518 1441 arsque

369 1442 536 1498 adercirr'ium

365 1516 510 1589 Babyloni·

368 1612 438 1652 “Dr

546 501 664 618 Μ
788 492 1503 586 Extremi-10
1573 493 1744 587 X.'

545 659 593 727 cit
614 655 771 753 improba
791 659 832 729 AE
883 659 1033 754 priorum
1054 657 1231 753 rapacitas.
1284 653 1421 743 Quibus
1460 655 1624 727 omnibus
1654 677 1706 724 ne
1731 673 1908 727 contrunc-

547 751 596 825 lia
616 746 765 834 deellct,
795 779 835 826 co
852 778 971 826 umnas
989 741 1107 851 palhm
1126 750 1257 826 Sisacus
1279 747 1465 847 disposuit,
1495 753 1529 822 in
1541 752 1673 850 queis,
1706 749 1849 823 soedum
1859 748 1904 821 di·

547 852 624 931 du,
653 850 754 923 incisa
772 851 956 926 mulierum
975 849 1121 921 verenda
1135 871 1229 924 erant
1242 877 1256 922 :·
1278 844 1301 918 sr
1320 845 1428 918 molo
1440 843 1509 918 huc
1523 848 1649 921 referre
1663 845 1782 946 lineat
1796 891 1816 928 ,.
1836 869 1904 944 qut

546 942 590 1015 de
610 942 756 1019 Sesostre
776 969 885 1021 narrat
904 952 1097 1020 Herodotus.

643 1047 799 1117 XXXll.
851 1048 1043 1139 Nunquam
1063 1040 1187 1114 abhinc
1212 1040 1252 1112 ad
1271 1037 1417 1138 pristinae
1439 1036 1628 1135 opulentiae
1665 1037 1821 1112 culmen
1852 1038 1903 1111 ad·

545 1132 701 1211 scendere
715 1141 930 1233 Hierosolyma
946 1141 1085 1235 potuit:
1113 1134 1172 1208 sed
1193 1141 1294 1209 variis
1313 1137 1438 1232 agitata
1456 1137 1534 1207 fatis
1554 1180 1565 1215 ,
1603 1137 1718 1210 nunc¹
1746 1138 1902 1209 maximis

546 1230 650 1331 pressa
674 1235 856 1333 angustiis,
889 1236 971 1306 alias
1003 1234 1229 1307 tolerabiliori
1258 1256 1369 1328 neque
1386 1226 1571 1327 spernenda
1594 1232 1815 1305 conditione
1835 1233 1900 1307 fnit.

548 1330 636 1402 Abia
653 1333 865 1405 Rehabeami
887 1328 997 1412 filius,
1027 1330 1155 1401 caustis
1181 1332 1217 1401 in
1247 1331 1357 1401 aciem
1378 1352 1481 1399 cccc
1504 1325 1702 1410 millibus,
1738 1329 1902 1429 Jfloboe-

548 1453 644 1499 mum
665 1429 774 1526 duplo
795 1428 981 1518 majoribus
1007 1428 1116 1523 copiis
1144 1425 1360 1507 inllmdum,
1388 1425 1520 1521 ingenti
1547 1423 1673 1519 praelio
1707 1424 1839 1512 fudit}
1871 1449 1902 1499 ut

546 1548 618 1595 uno
642 1524 698 1595 die
716 1547 729 1612 l
751 1525 849 1622 quod
859 1525 1017 1604 mireris,
1042 1548 1102 1593 nec
1113 1522 1210 1593 facile
1222 1525 1256 1594 in
1270 1519 1409 1616 profana
1422 1520 1580 1592 invenias·
1590 1518 1769 1607 historia)
1792 1549 1903 1616 Quu-

548 1646 721 1693 cnurres
745 1649 888 1695 mirem
922 1619 1121 1692 selectorum
1141 1620 1292 1690 virorum
1313 1617 1532 1688 caederentun
1560 1641 1595 1690 2.
1622 1614 1774 1692 Chron.
1798 1645 1901 1696 xm:

548 1739 606 1799 17.
659 1714 753 1800 Asa,
783 1715 959 1816 disciplina
980 1715 1117 1787 militari
1137 1714 1334 1794 instaurata,
1362 1713 1554 1808 &oppidis
1582 1712 1712 1809 pallini
1736 1719 1901 1802 munitis,

548 1834 729 1889 urrisun
759 1841 900 1889 nisus
928 1818 1152 1886 AErnroruru
1179 1836 1249 1883 uno
1269 1809 1390 1907 praelio
1422 1810 1580 1890 delevit,
1616 1811 1839 1910 ingentique
1858 1839 1903 1888 re·

547 1906 683 2007 po'rtata
701 1913 816 2011 pracda
835 1910 1082 1999 Hierosolymam
1102 1907 1337 2006 locupletavit.
1368 1929 1407 1977 2..
1426 1902 1558 1977 Chron.
1591 1929 1684 1978 xiv.
1717 1907 1904 2078 ¹‘'losaphr.

546 2009 696 2080 tietiam
716 2035 769 2083 res
792 2006 870 2082 satis
888 2007 1012 2104 amplae
1035 2005 1192 2086 fuerunt,
1220 2004 1316 2075 vidis
1334 2000 1509 2083 hostibus,
1535 2027 1627 2099 quos
1648 2026 1697 2073 eo
1746 2007 1851 2080 olum
1870 2003 1903 2082 fi.

543 2127 588 2173 ne
608 2101 658 2176 ex'
674 2105 934 2203 opulentissimis
949 2106 1080 2200 regnis,
1109 2128 1188 2175 cum
1206 2099 1337 2172 divitiis
1357 2094 1448 2178 suis,
1475 2099 1512 2169 io
1545 2100 1711 2198 Judaeam
1749 2101 1903 2179 excivisse

544 2200 673 2274 Divina
691 2203 827 2277 videtur
841 2201 1079 2298 providentia,
1107 2220 1146 2269 ut
1161 2197 1287 2288 dilqfio
1316 2192 1380 2268 sibi
1400 2197 1473 2293 regi
1492 2193 1704 2293 populoque
1732 2200 1901 2278 cederem:

543 2298 606 2391 qui
630 2299 739 2371 onusti
763 2297 943 2372 hostilibus
968 2291 1086 2394 spoliis
1108 2295 1178 2367 laeti
1210 2288 1447 2389 cantantesque
1475 2292 1734 2386 Hierosolymam
1762 2299 1900 2376 rediere.

544 2417 581 2467 2.
614 2393 747 2468 Chron.
770 2422 839 2468 xx:
867 2417 926 2484 25.
980 2400 1027 2464 At
1053 2393 1157 2488 longe
1187 2388 1253 2461 alia
1283 2414 1397 2461 rerum
1425 2388 1524 2463 sacies
1542 2383 1601 2459 sub
1633 2389 1785 2468 Amasis
1814 2395 1898 2483 suit,

545 2493 607 2586 qui
630 2516 673 2563 ex
693 2491 788 2563 bono
809 2494 968 2590 pellimus
985 2491 1109 2568 faetus,
1135 2513 1154 2558 a
1172 2480 1274 2586 Joasp
1294 2480 1518 2558 lsrailitarum
1538 2509 1618 2583 rege
1638 2532 1651 2568 ,
1698 2515 1817 2587 qrrem
1842 2495 1901 2566 im.

482 2604 488 2612 ’
545 2586 730 2683 prudenter
753 2614 790 2660 ac
821 2612 948 2660 temere
980 2606 1210 2683 provocarat,
1238 2584 1374 2662 vidus,
1412 2577 1527 2663 fusus,
1555 2605 1702 2679 captuS,
1735 2593 1900 2688 omnique

544 2679 724 2765 thesauro,
753 2709 823 2757 tam
842 2681 920 2763 fiio,
947 2707 1052 2780 quam
1072 2681 1172 2776 quod
1186 2679 1336 2752 dicatum
1358 2676 1502 2777 Jchovae
1535 2700 1626 2762 crat,
1656 2679 1898 2784 exspoliatus,

542 2780 715 2875 templum
737 2783 944 2852 ornamentis
965 2776 1031 2851 suis
1049 2776 1271 2856 destitutum,
1310 2775 1430 2847 urbem
1459 2775 1690 2871 Hierosolymo
1723 2807 1900 2884 expugna·

541 2896 638 2955 tam,
667 2876 856 2971 direptam,
885 2880 921 2948 ὅ(
939 2898 1063 2972 magna
1084 2877 1292 2947 moeniorum
1312 2867 1451 2944 suorum
1474 2895 1569 2969 parte
1598 2874 1776 2953 nudatam
1801 2881 1896 2956 vidit.

541 2996 578 3046 2·
598 2968 732 3056 Chron.
756 2998 851 3045 xxv:
880 2997 924 3048 22
937 2993 1024 3059 ·25.
1076 2971 1285 3043 Melioribus
1304 2969 1381 3041 satis
1402 2972 1498 3065 regni
1517 2967 1566 3042 sui
1583 2971 1687 3043 initio
1710 2973 1799 3052 usus
1823 2973 1895 3055 Uir

542 3065 611 3149 cll,
639 3069 701 3163 qui
723 3068 908 3142 multarum
937 3069 1074 3141 urbium
1093 3090 1330 3166 expugnator,
1366 3067 1620 3165 multarumque
1652 3077 1826 3166 gentium
1849 3080 1894 3150 vi.

540 3168 632 3247 eor,
661 3165 785 3239 damna
805 3166 1022 3262 lherosolymae
1040 3162 1222 3238 resarcivit.
1248 3190 1281 3239 2.
1303 3162 1433 3236 Chron.
1464 3187 1582 3237 xxv1:
1611 3182 1718 3255 5..--
1770 3169 1839 3246 Uti
1864 3175 1895 3247 ἃ

540 3256 634 3334 lilius
654 3257 757 3362 ipfius
774 3262 934 3363 Jotham.
959 3290 994 3339 2.
1016 3260 1149 3336 Chron.
1162 3287 1254 3362 xprvr
1268 3285 1299 3334 1.
1350 3260 1421 3333 Sub
1447 3259 1586 3334 Achazo
1607 3267 1895 3364 magna'firitan·

537 3358 647 3456 gustis
668 3390 682 3432 s
703 3361 790 3433 adeo
808 3362 951 3459 quidem
973 3384 1012 3433 ut
1015 3407 1038 3458 >
1064 3381 1297 3456 contraquam
1312 3350 1413 3447 jussus
1433 3382 1523 3439 erat,
1549 3356 1616 3458 Jes.
1640 3385 1711 3436 vir
1732 3391 1742 3437 ε
1769 3387 1811 3457 4.
1839 3368 1897 3440 Ti·

536 3452 798 3554 glatpilalsarem
822 3455 1034 3555 Allyriorum
1056 3480 1174 3553 regern
1199 3459 1235 3528 in
1273 3457 1442 3528 auxilium
1463 3450 1714 3532 sollicitaverit.
1770 3463 1841 3538 Sed
1856 3465 1894 3538 ab

536 3549 616 3647 ipsis
637 3554 733 3628 illius
751 3556 861 3653 copiis
888 3547 1035 3650 pressus,
1064 3548 1240 3624 obsidione
1261 3555 1406 3633 cinelus,
1435 3554 1472 3622 &
1495 3554 1538 3625 ad
1564 3579 1685 3628 omnes
1705 3553 1829 3636 sacros
1847 3587 1894 3636 rc·

533 3646 681 3749 giosque
703 3647 876 3723 thesauros
892 3647 1092 3745 prodendos
1115 3653 1250 3720 coadus
1271 3648 1328 3721 est.
1355 3672 1388 3721 2.
1407 3649 1535 3722 Chron.
1554 3675 1698 3727 xxv111
1717 3683 1730 3728 t
1760 3683 1824 3742 20,
1838 3683 1892 3734 21.

533 3753 584 3820 At
601 3746 758 3820 Ezechiae
778 3746 943 3843 pietatem
972 3767 1097 3841 magna
1119 3746 1221 3817 domi
1241 3742 1392 3843 forisque
1423 3747 1565 3820 felicitas
1593 3753 1749 3849 excepit.
1842 3783 1892 3830 arn

534 3847 573 3917 dc
587 3848 696 3915 villos
721 3840 915 3916 Palaestinos
931 3842 975 3914 ad
994 3846 1128 3914 Gazam
1148 3837 1256 3940 usque
1275 3843 1425 3939 fugavit:
1453 3845 1577 3917 deinde
1598 3847 1693 3928 vim,
1725 3854 1804 3926 min
1858 3856 1891 3927 Ar

532 3937 761 4103 blasphemias
788 3936 1064 4021 Sennacheribi,
1100 3941 1190 4036 regis
1221 3934 1452 4036 Assyriorum,
1479 3938 1564 4017 solis
1578 3944 1744 4040 precibus
1776 3949 1890 4051 fregit.

534 4035 594 4109 Un
624 4063 641 4103 e
660 4057 751 4106 tanta
770 4037 802 4105 ci
823 4034 1000 4107 conciliata
1022 4035 1069 4108 est
1088 4039 1295 4118 austoritaS,
1321 4058 1361 4110 ut
1380 4038 1482 4109 multi
1495 4039 1667 4113 adferrent
1688 4068 1826 4120 munus
1838 4053 1893 4149 Je-

530 4128 634 4204 hovae
655 4131 923 4220 lherosolimam,
947 4135 1059 4204 &res
1080 4130 1232 4229 quasque
1252 4129 1499 4229 pretiosissimas
1517 4133 1577 4233 ipsr
1598 4138 1775 4216 donarent
1793 4147 1891 4245 regi,

531 4226 641 4300 donec
662 4230 872 4300 Divinorum
897 4227 1028 4300 oblitus
1050 4227 1293 4302 beneficiorum
1315 4278 1325 4310 ,
1364 4231 1410 4302 ob
1444 4229 1624 4305 fastuosam
1646 4233 1893 4316 thesaurorum

458 4401 463 4410 ι
531 4320 819 4405 ostentationem,
846 4350 964 4422 poenas
986 4321 1054 4398 suis
1076 4326 1166 4399 olim
1198 4327 1382 4425 nepotibus
1416 4329 1651 4402 immittendas
1684 4333 1892 4413 denunciari

527 4417 680 4504 audivit.¹
703 4445 741 4527 2.
764 4418 850 4502 chr.
871 4446 1011 4505 xxxii.
1059 4418 1250 4512 Mutasses,
1294 4423 1420 4499 foedata
1442 4429 1604 4501 omnibus
1638 4423 1891 4542 sceleribus&
1948 4431 1950 4444 '

539 4549 541 4554 ·
653 4561 658 4568 -
1714 4553 1890 4611 innocen·
