4667 5442
681 512 784 640 736
907 512 1127 604 Ouarro
1164 533 1232 599 or
1272 506 1445 601 Frsrcr
1483 532 1559 599 au
1599 503 1870 602 lurarrcr

638 653 643 660 ’
680 696 811 769 quanto
826 657 1075 745 exsultav'isient
1093 669 1246 768 gaudio,
1273 669 1309 741 in
1331 692 1417 765 quas
1438 666 1636 741 immortali
1664 671 1757 741 Deo
1772 669 1907 767 gratias
1926 659 2021 741 seelu-

682 766 825 849 dillent,
852 763 876 839 st
899 790 943 840 ex
961 767 1122 839 omnibus
1134 765 1226 847 illis,
1255 765 1382 860 quibus
1401 790 1465 839 nos
1487 788 1578 840 nunc
1595 764 1877 850 abundamus,
1903 764 2022 840 Cluilia·

682 892 737 942 nae
755 866 930 964 religionis
950 862 1239 945 institutionibus,
1268 864 1519 935 Haereticorum
1540 861 1876 946 refutationibus,
1902 865 1937 938 in
1954 858 2019 938 ficu

683 964 797 1039 literas
815 959 1187 1041 commentationibus,
1216 959 1377 1055 pauculas
1398 962 1594 1057 quasdam,
1623 959 1695 1032 sed
1722 956 1956 1060 infigniores,
1974 985 2018 1058 pe·

683 1083 814 1133 currere
834 1059 953 1129 datum
971 1059 1013 1129 iis
1028 1052 1157 1130 fuillet!
1184 1056 1296 1128 Facile
1314 1055 1400 1128 mihi
1419 1058 1528 1139 foret,
1558 1057 1798 1139 Auditores,
1830 1054 1962 1155 copiofi
1974 1083 2016 1130 ou·

683 1159 779 1231 tione
799 1158 914 1227 cunda
934 1152 994 1229 ista
1018 1179 1071 1225 am
1099 1150 1252 1234 lificare,
1292 1149 1526 1251 exemplisque
1553 1148 1707 1227 firmare
1733 1156 1846 1226 omni
1866 1157 2015 1252 excepn'oa

682 1251 893 1343 majoribus:
921 1247 978 1321 sed
997 1250 1054 1322 the
1070 1251 1160 1322 auris
1181 1248 1302 1323 nostris
1320 1252 1422 1323 tacita
1445 1249 1608 1324 incubare
1627 1251 1774 1325 laetitia
1797 1251 1901 1326 malo
1919 1299 1931 1336 ,
1952 1273 2014 1351 qun

683 1345 918 1445 intempestiva
934 1345 1088 1419 facundia
1109 1370 1295 1443 provocare
1315 1348 1494 1422 invidiam.

780 1451 828 1518 At
845 1444 939 1515 nulla
957 1467 1011 1514 me
1031 1442 1398 1539 resimpediredebet,
1425 1469 1498 1543 quo
1512 1446 1631 1516 minus
1644 1441 1819 1519 vestrum
1831 1449 2013 1519 omniumr·

677 1546 792 1624 mine,
819 1562 997 1638 quotquot
1012 1564 1081 1612 non
1094 1540 1206 1637 iniqui
1227 1541 1364 1611 Divinae
1374 1538 1610 1616 beneficentiae
1623 1539 2012 1638 aestimatoresestisgu·

684 1645 749 1714 tias
765 1645 842 1710 Deo
869 1635 1087 1719 immortali,
1116 1640 1230 1708 omnis
1258 1661 1347 1708 verae
1368 1633 1538 1733 sapientiae
1558 1637 1737 1735 largitori
1760 1686 1772 1722 ,
1805 1644 1848 1715 bc
1865 1639 2012 1713 habeam&

685 1760 785 1835 agam
802 1734 1023 1831 gratissimas,
1049 1758 1115 1830 pro
1132 1731 1325 1807 incredibili
1338 1734 1399 1808 illa
1418 1730 1686 1832 disciplinarum
1701 1739 1879 1809 omnium
1897 1738 2010 1814 uberat

686 1857 756 1929 qua
773 1827 923 1903 seculum
937 1833 972 1902 δι
992 1834 1153 1929 Belgium
1173 1830 1345 1912 nostrum,
1380 1835 1569 1926 &quidni
1587 1831 1733 1904 addere
1756 1832 1891 1917 liceat,
1917 1831 2009 1906 nostra!

684 1951 829 2026 quoque
848 1926 1098 2011 Academiam,
1126 1949 1197 1999 tam
1224 1922 1395 2025 insigniter
1414 1928 1554 2002 beavit:
1590 1924 1672 2027 ipse
1706 1930 1834 2002 modo
1857 1926 1923 2005 suis
1944 1930 2009 2004 [Μ

683 2026 904 2106 muneribus,
926 2017 1096 2122 tantisque
1115 2023 1218 2097 bonis
1234 2025 1337 2096 addat
1351 2030 1630 2124 perpetuitatem.

784 2129 901 2217 Atque
917 2118 990 2193 haec
1005 2120 1148 2218 quidem
1169 2121 1212 2191 de
1224 2122 1384 2216 praeclara
1396 2124 1570 2195 literarum
1587 2121 1662 2197 hoc
1683 2120 1816 2201 stettlo
1831 2121 2008 2202 felicitand-

684 2222 735 2291 &a
753 2217 857 2292 nobis
877 2212 989 2292 sunto.
1039 2222 1087 2290 Ea
1104 2240 1219 2290 tamen
1234 2217 1330 2315 lege,
1350 2243 1388 2292 ut
1401 2243 1622 2317 nequaquam
1650 2221 2005 2320 diffimulemusingu·

682 2340 734 2390 tes
757 2313 834 2387 istas
844 2314 1075 2396 calamitates,
1096 2314 1224 2411 quibus
1242 2311 1321 2389 huic
1342 2341 1447 2412 quam
1459 2317 1698 2413 praedicamus
1717 2319 1884 2396 felicitati
1896 2317 2005 2417 despla-

683 2414 768 2485 dore
786 2407 848 2483 suo
868 2412 1058 2509 plurimum
1080 2410 1238 2498 deceffrt3
1263 2414 1405 2510 &quas
1425 2412 1564 2485 infausta
1578 2423 1826 2512 properantis
1844 2423 1940 2494 ruina
1952 2415 2001 2487 ori·

685 2534 728 2581 na
751 2503 846 2590 elle,
873 2506 1121 2605 prudentiffrmi
1140 2510 1230 2590 viri,
1258 2533 1327 2581 non
1347 2506 1414 2582 fine
1434 2511 1590 2590 ratione,
1621 2534 1824 2591 metuunt.
1878 2516 2003 2590 Abarim

686 2606 802 2687 enim,
833 2603 1043 2685 Auditores,
1065 2604 1239 2679 abutimur
1258 2608 1396 2679 Divinae
1416 2602 1652 2680 beneficentiae
1677 2615 1923 2696 muneribus,
1941 2625 2001 2704 αφ’

685 2724 755 2772 non
777 2699 887 2771 modo
902 2725 973 2772 non
988 2697 1226 2787 inhonorem,
1253 2698 1357 2777 sed&
1369 2706 1403 2776 in
1416 2702 1675 2796 contumeliam
1685 2713 1872 2786 vertimus
1889 2705 1998 2788 dom

783 2821 1068 2921 Quotusquisque
1083 2849 1203 2897 eorum
1221 2829 1282 2922 qui
1299 2826 1343 2899 ad
1366 2822 1543 2923 copiosum
1562 2822 1660 2899 hunc
1687 2833 1910 2927 optimannn
1926 2829 1997 2902 anim

683 2942 871 2995 mercatum
882 2922 1090 3003 invitantur,
1117 2941 1188 2992 tam
1200 2921 1290 2994 beati
1307 2924 1473 3020 temporis
1489 2927 1816 3020 opportunitatem
1829 2930 1956 3004 redimit,
1968 2923 2002 2991 ὰ·

681 3018 752 3094 bita
779 3042 823 3089 ue
837 3015 1015 3116 diligentia
1034 3017 1170 3102 abunde
1188 3012 1248 3090 fibi
1267 3017 1311 3089 de
1330 3020 1373 3092 iis
1391 3020 1492 3094 rebus
1508 3014 1714 3117 prospicit,
1749 3021 2006 3125 quibuscruditio·

681 3117 735 3191 nis
754 3043 880 3190 ianam
900 3118 1011 3197 tueri,
1038 3115 1261 3213 &egregieun
1271 3117 1449 3213 publicum
1463 3141 1675 3213 promovere
1690 3123 1838 3219 queat?
1854 3115 2007 3212 ruilliple·

684 3235 832 3310 rumque
845 3211 951 3285 animi
972 3208 1091 3286 studiis
1109 3212 1221 3283 dicata
1231 3211 1390 3303 juventus
1413 3211 1460 3286 est
1479 3242 1488 3287 :
1515 3211 1638 3285 multis
1656 3221 1844 3313 praeclare
1858 3203 2007 3311 strengel·

685 3303 755 3383 srss‘e
768 3306 1030 3390 arbitrantibus,
1059 3303 1082 3380 fi
1099 3310 1180 3379 artis
1200 3333 1306 3404 quam
1323 3307 1497 3407 profelluri
1517 3306 1594 3381 sunt
1614 3311 1815 3391 elementa
1834 3337 1948 3392 eatenus
1958 3331 2006 3382 ne·

685 3409 807 3481 moriae
827 3398 1070 3501 impreliera‘nt,
1094 3425 1153 3486 ut,
1175 3404 1408 3504 qualicunque
1427 3431 1546 3477 eorum
1558 3405 1594 3477 in
1607 3416 1856 3490 examinibus
1867 3411 2005 3490 reddiun·

683 3505 801 3585 tione,
824 3502 974 3576 lauream
992 3500 1233 3574 Academicam
1255 3547 1266 3584 ,
1295 3523 1353 3573 aut
1371 3502 1505 3577 dicendi
1524 3526 1588 3599 pro
1608 3503 1729 3601 plebe
1754 3511 2002 3586 facultatemq-

683 3597 879 3697 sequantur.
933 3599 1005 3687 Qui
1025 3594 1191 3695 generoso
1214 3597 1394 3671 molimine
1415 3599 1459 3670 ad
1478 3600 1558 3671 artis
1581 3593 1654 3672 suae
1683 3606 1846 3681 culmen
1868 3604 2000 3705 adspirate

682 3698 719 3769 &
739 3695 787 3767 nil
798 3693 996 3768 volentibus
1012 3694 1157 3767 arduum
1176 3684 1239 3765 esse
1256 3695 1452 3778 eredentes,
1481 3696 1525 3768 ad
1535 3690 1710 3773 sublimia
1723 3729 1888 3804 quaeque
1896 3687 2005 3779 indel&

680 3811 805 3868 conatu
825 3794 1022 3873 enituntur,
1051 3816 1095 3862 ex
1117 3785 1282 3864 immensa
1305 3791 1406 3880 aliud
1424 3793 1598 3890 agentium
1623 3797 1877 3875 multitudine
1896 3792 2010 3874 viam

681 3887 762 3960 dem
787 3882 893 3970 sunt,
932 3905 1031 3984 quot*
1047 3885 1246 3961 Thebarum
1268 3911 1386 3986 portas
1417 3888 1473 3961 vel
1503 3887 1578 3962 Nili
1599 3887 1693 3963 ostia
1723 3893 1833 3971 fuisse
1862 3895 2012 4000 perhibet

683 3985 788 4056 Mani
806 3983 908 4060 isthac
921 3987 1047 4057 virtute
1060 3977 1189 4066 estote,
1218 3982 1724 4073 AdolescentesNobiliffimi,
1757 3991 2015 4096 urgetetamlau·

679 4079 796 4153 dabile
810 4079 1021 4165 institutum,
1050 4080 1167 4154 fulcite
1187 4079 1336 4153 labantia
1357 4077 1496 4163 studia,
1523 4085 1562 4156 &
1579 4077 1755 4162 sustinete
1779 4089 1882 4191 spem
1901 4115 1963 4165 non
1978 4085 2015 4156 dt·

680 4180 816 4274 generis
834 4175 1053 4288 posteritatis.
1106 4179 1387 4276 Quopauciores
1400 4177 1475 4252 estis
1497 4201 1674 4265 numero,
1708 4210 1764 4260 eo
1779 4193 1898 4290 magis
1918 4177 2017 4281 conspi-

680 4298 783 4347 cuum
802 4294 865 4344 ent
885 4272 989 4346 decus
1000 4273 1168 4359 vestrum,
1197 4273 1374 4372 vestraque
1383 4271 1442 4347 ista
1452 4273 1647 4348 strenuitate
1657 4281 1725 4355 vel
1735 4285 2017 4385 reparabitisigu·

679 4392 804 4446 votum
823 4368 967 4444 illorum
987 4370 1191 4458 infamiam,
1219 4370 1277 4446 vel
1296 4393 1385 4453 certe
1404 4373 1578 4447 incutiens
1595 4371 1672 4449 tllrs
1686 4381 1886 4500 naborem.

1878 4565 2014 4639 caan
