4667 5442
1111 720 1266 816 496
1773 703 3157 790 Extant-urtam.

1113 845 1272 916 l-'um
1301 833 1564 913 Christi.
1666 829 1958 932 Spiritus
1979 832 2218 906 christi
2243 832 2335 906 est
2352 831 2623 930 spiritus
2646 833 2837 909 vitae.
2914 833 3137 908 Rom.
3156 854 3249 908 vl
3268 851 3385 909 112
3430 849 3505 909 2.
3596 831 3801 906 Chri-

1115 942 1244 1014 stus
1271 936 1409 1038 ipse
1440 937 1590 1010 vita
1623 932 1866 1006 nostra.
1941 935 2096 1005 Col.
2154 956 2184 1008 1
2207 956 2318 1006 n:
2356 955 2431 1027 4.
2502 938 2651 1024 Qi
2681 959 2847 1032 ergo
2882 929 3028 1006 fieri
3058 931 3319 1031 potest,
3354 949 3435 1004 ut
3477 933 3727 1006 anima
3762 961 3799 1007 a

1118 1044 1281 1116 Deo
1295 1041 1530 1125 electa,
1549 1059 1588 1106 a
1607 1033 1874 1106 Christo
1897 1029 2148 1104 dilecta
2163 1082 2188 1119 ,
2215 1057 2252 1102 a
2267 1051 2461 1103 reatu
2483 1035 2747 1131 peccati
2770 1034 3119 1133 originalis
3138 1030 3459 1106 absoluta
3476 1081 3503 1118 ‚
3544 1035 3613 1106 &
3634 1033 3809 1108 vitae

1117 1138 1336 1227 fonti,
1381 1161 1502 1236 per
1539 1132 1874 1230 Spiritum
1911 1131 2122 1216 vitae,
2153 1131 2397 1218 unita}
2442 1155 2481 1202 a
2527 1132 2793 1204 Christo
2839 1136 2900 1205 &
2934 1134 3189 1230 Spiritu
3233 1126 3489 1231 ipsius,
3538 1133 3807 1210 virtute

1115 1241 1300 1316 istius
1323 1233 1642 1316 unionis,
1685 1257 1838 1304 non
1859 1255 2034 1304 mox
2067 1225 2152 1300 ad
2177 1227 2599 1326 spiritualem
2626 1231 3333 1312 vitam.vivificetur‘2
3390 1233 3503 1303 Ex
3539 1233 3805 1330 quibus

1117 1337 1452 1412 omnibus
1481 1332 1743 1406 invicta
1781 1327 2155 1404 conficitur
2201 1328 2473 1426 sequela
2498 1383 2519 1417 ,
2561 1331 2753 1427 quod
2799 1332 2917 1429 qui
2950 1329 3239 1404 infantes
3290 1335 3807 1431 concipiuntur

1117 1458 1274 1512 ante
1301 1434 1684 1530 susceptum
1705 1429 2018 1526 aquaeBa
2072 1425 2355 1501 titinum
2387 1432 2755 1529 participes
2774 1431 3036 1505 foederis
3068 1433 3303 1530 gratiae
3322 1481 3349 1516 ,
3384 1435 3575 1506 uniti
3610 1435 3807 1508 Chri·

1119 1537 1262 1618 sto,
1299 1531 1726 1608 reconciliati
1747 1531 1946 1612 Deo,
1969 1553 2010 1602 a
2061 1527 2264 1602 soluti
2291 1555 2328 1600 a
2353 1551 2643 1626 peccato
2670 1534 2773 1602 ori
2826 1532 2983 1602 inali
3008 1590 3029 1621 ,
3061 1531 3274 1603 iidem
3302 1533 3528 1604 etiam
3548 1533 3805 1608 eodem

1125 1656 1446 1732 tempore
1491 1629 1775 1726 concipi
1799 1627 2128 1714 debeant,
2159 1647 2237 1702 ut
2263 1630 2567 1702 renati&
2607 1559 2941 1704 vivifigcati
2972 1656 3092 1728 per
3138 1627 3385 1703 Christi
3426 1633 3803 1732 Spiritum.

1127 1736 1378 1832 Neque
1399 1733 1532 1804 ulla
1564 1729 1741 1800 mihi
1759 1729 1834 1800 in
1883 1728 2316 1800 contrarium
2348 1733 2657 1804 occurrit
2684 1730 2894 1814 rati05
2916 1729 3107 1828 quod
3132 1730 3217 1804 ad
3246 1755 3371 1804 eos
3387 1730 3645 1808 saltem
3690 1735 3809 1834 qui

1132 1852 1290 1910 ante
1311 1829 1597 1904 rationis
1620 1827 1820 1900 usum
1837 1853 1920 1898 ex
1947 1828 2070 1898 hac
2099 1829 2240 1898 vita
2266 1847 2533 1907 exeunt.

1325 1931 1565 2006 XXX.
1621 1929 1694 2000 N
1699 1954 1810 1998 am
1850 1924 2107 1997 diversa
2135 1926 2641 2024 aliquantulum
2664 1953 2915 2000 eorum
2942 1925 3217 2002 videtur
3258 1925 3385 2002 effe
3418 1931 3755 2006 conditio
3778 1983 3801 2024 ,

761 2043 957 2104 xxx.
1142 2056 1450 2130 quorum
1471 2031 1885 2128 protradtssor
1913 2027 2057 2098 vita
2096 2024 2180 2096 ad
2199 2027 2481 2098 rationis
2513 2028 2693 2126 ipsos
2728 2027 2930 2100 usum
2955 2026 3257 2106 deducit.
3359 2030 3569 2122 Qid
3612 2036 3799 2106 enim

761 2127 933 2186 Nam
957 2133 1042 2208 ²⁰⁸.
1146 2129 1304 2229 ipfis
1334 2157 1372 2203 a
1412 2131 1580 2202 vitae
1630 2124 2025 2226 primordio
2115 2125 2443 2214 raestitum
2466 2125 2587 2213 fit,
2641 2130 3120 2226 experimento
3152 2130 3559 2227 agnoscitur
3588 2157 3807 2232 quum

760 2223 905 2344 ’ΞΖ
959 2213 1100 2337 εἴη
1149 2229 1623 2304 adoleverunt.
1691 2223 1984 2304 Infitum
2005 2151 2108 2293 clf
2123 2225 2351 2320 pueris
2368 2225 2853 2322 grandiusculis
2874 2227 3091 2300 aetatis
3110 2225 3299 2300 flexu
3314 2231 3651 2328 respuere
3684 2233 3805 2304 do-

762 2305 1006 2441 Ξὶωὲῥ
1025 2310 1121 2412 mni
1145 2351 1472 2405 cumenta
1493 2328 1794 2426 pietatis,
1833 2325 1970 2397 live
1999 2319 2170 2409 fint,
2210 2321 2350 2395 five
2384 2349 2529 2395 non
2562 2323 2691 2396 fint
2722 2324 3082 2423 baptizati:
3108 2351 3330 2422 neque
3348 2333 3751 2406 electorum
3770 2357 3807 2408 a

715 2445 722 2452 '
763 2445 944 2506 detur
975 2433 1080 2520 effic
1142 2457 1294 2504 non
1319 2431 1544 2504 electis
1575 2429 1689 2500 hic
1717 2423 2116 2498 discernitur
2148 2420 2513 2511 distinctio,
2529 2423 2651 2498 nifi
2680 2425 3037 2523 peculiaris
3062 2425 3197 2496 Dei
3238 2432 3457 2524 gratia
3502 2433 3807 2514 accedat.

765 2523 952 2586 nm·
1027 2531 1050 2590 l
1141 2538 1308 2606 Imo
1327 2551 1405 2602 ut
1439 2527 1594 2602 sunt
1631 2524 1915 2600 diversae
1947 2520 2210 2594 indoles
2235 2571 2260 2610 ,
2287 2525 2351 2596 δι
2372 2523 2559 2596 varia
2600 2545 3177 2621 temperamenta,
3214 2529 3605 2626 aliquando
3636 2535 3807 2608 accip

1141 2631 1285 2716 dit,
1317 2649 1394 2702 ut
1411 2629 1606 2725 pueri
1631 2654 1716 2700 ex
1737 2622 2074 2699 foederatis
2116 2621 2513 2718 parentibus
2538 2625 2717 2710 orti,
2756 2629 2815 2696 ἃ·
2836 2650 2965 2721 pro
2996 2625 3222 2696 electis
3266 2627 3539 2718 habiti,
3578 2657 3805 2732 eoque

1137 2729 1428 2804 nomine
1450 2726 1774 2826 baptizati
1793 2777 1817 2810 ,
1860 2719 2423 2796 intractabiliores
2441 2727 2501 2794 δι
2520 2725 2881 2819 nequiores
2901 2723 3041 2794 aliis
3072 2729 3647 2823 comperiantur3
3686 2733 3803 2832 qui

1138 2851 1368 2902 tamen
1388 2828 1707 2924 deinceps
1731 2824 1814 2896 ad
1829 2824 2198 2895 meliorem
2214 2820 2573 2894 redeuntes
2589 2822 2901 2922 frugem,
2934 2825 3395 2898 vocationem
3428 2831 3495 2902 &
3532 2833 3805 2906 elestio-

1131 2951 1302 3001 nem
1319 2927 1513 3000 suam
1532 2924 1812 2996 firmam
1831 2922 2113 2996 faciunt.
2217 2921 2409 3009 Qid
2437 2920 2610 2993 deiis
2634 2921 3047 2996 statuemus?
3083 2925 3529 3002 Alterutrum
3553 2931 3801 3009 necesse

1136 3025 1226 3098 est
1237 3075 1264 3114 ‚
1297 3023 1412 3096 vel
1445 3024 1518 3096 in
1537 3021 1820 3096 infantia
1863 3017 2044 3094 fuiffe
2064 3021 2441 3119 regenitos3
2487 3021 2599 3092 sed
2615 3023 2846 3094 semen
2880 3019 3049 3094 illud
3080 3019 3204 3095 sub
3232 3026 3457 3125 glebis
3478 3057 3612 3128 per
3636 3035 3795 3108 mul·

1132 3145 1250 3200 tos
1277 3149 1498 3196 annos
1534 3119 1898 3210 delituiffe,
1950 3119 2457 3210 &juvenilium
2489 3121 2955 3219 cupiditatum
2985 3121 3192 3220 spinis
3219 3152 3299 3200 ac
3342 3131 3631 3208 tribulis
3672 3159 3791 3208 tan-

1135 3245 1296 3302 tum
1321 3248 1466 3296 non
1494 3215 1912 3294 suffocatum
1942 3213 2125 3294 fuiffe
2153 3267 2176 3304 ‚
2220 3214 2446 3290 donec
2482 3220 2844 3292 accedente
2884 3224 3139 3316 majori
3168 3225 3429 3324 gratia,
3474 3231 3797 3332 superatis

1135 3323 1424 3400 tandem
1445 3317 2013 3409 difficultatibus,
2063 3313 2308 3390 fortius
2342 3343 2421 3390 ac
2448 3317 2711 3394 felicius
2736 3341 3153 3420 prorumpat
3172 3327 3235 3398 ἃ
3267 3328 3671 3424 germinet:
3704 3335 3799 3408 vel

1137 3425 1390 3508 Deum
1409 3472 1434 3509 ,
1463 3421 1586 3522 qui
1603 3421 1778 3494 nulli
1820 3419 2126 3520 alligatus
2156 3417 2244 3489 est
2270 3421 2621 3517 tempori,
2654 3423 3049 3496 novaevitae
3075 3426 3363 3522 gratiam
3394 3430 3643 3506 eled'tis
3686 3437 3801 3508 im-

1196 3525 1418 3611 astiti,
1449 3520 2012 3620 quandocunque
2043 3513 2354 3592 libuerit:
2388 3519 2675 3617 eosque,
2700 3522 2862 3594 licet
2876 3548 2961 3596 ex
2988 3521 3326 3599 charitatis
3362 3529 3656 3622 judicio
3688 3537 3803 3608 rite

1139 3551 1573 3723 baptizato&
1605 3621 1690 3694 ali
1745 3617 2148 3694 uammultis
2193 3613 2373 3715 saepe
2420 3620 2611 3691 annis
2638 3622 3020 3719 relinquere
3060 3624 3134 3696 in
3159 3623 3324 3700 statu
3368 3627 3803 3708 dominantis

1141 3646 3325 3920 effigia&sssszffrgffffizszffeas?&ingenuei
3442 3732 3647 3910 55:²⁶
3666 3736 3805 3836 ‘¹⁰²

1141 3927 1208 4008 §-
1227 3945 1347 3996 xt.
1399 3918 1541 3994 Ubi
1570 3917 1993 3992 considerata
2013 3914 2274 3988 diversa
2291 3941 2676 4014 puerorum
2694 3920 2931 3993 indole
2950 3973 2975 4008 ‚
3004 3849 3801 4026 divgrfisqufmorissiais

1146 4023 1244 4096 ita
1274 4019 1550 4094 tandem
1576 4017 1970 4093 concludit:
2001 4025 2405 4114 Qapropter
2430 4019 2590 4094 hanc
2614 4021 2921 4096 occultant
2941 4023 3277 4119 efficaciam
3304 4036 3450 4110 Deo
3485 4033 3803 4137 dispensa-

1147 4127 1281 4199 tori
1322 4122 1782 4220 relinquimun
1824 4121 2002 4212 cnjus
2021 4119 2247 4214 gratia
2284 4143 2406 4194 non
2437 4119 2523 4205 est
2541 4120 2801 4218 affigata
2830 4148 3003 4223 aquae
3041 4125 3375 4206 elemento.
3480 4137 3715 4228 Quod
3742 4139 3803 4212 ὰ

1153 4221 1524 4324 prudenter
1545 4247 1586 4294 a
1607 4219 1983 4293 venerabili
1997 4219 2186 4300 BEzA
2213 4216 2753 4298 animadversum
2768 4223 2877 4298 est.
2979 4226 3263 4304 AdAeta
3282 4231 3539 4310 Collat.
3558 4237 3805 4312 Mum„

1147 4317 1624 4424 pelgardenfis.
1655 4343 1810 4420 pag,
1845 4332 2012 4398 106.
2109 4321 2222 4396 Aa
2245 4315 2519 4410 infames
2534 4327 2795 4424 quidem
2812 4329 2981 4424 quod
3014 4335 3245 4404 attinet
3270 4335 3343 4406 in
3372 4335 3657 4428 Ecclesia
3688 4363 3799 4414 m-

1139 4429 1246 4503 &os
1265 4473 1292 4512 ,
1340 4443 1422 4498 ac
1443 4423 1796 4498 Divim'tm
1834 4419 2093 4509 defles,
2131 4417 2509 4516 (cujusmodi
2544 4449 2667 4500 non
2692 4444 2927 4516 temere
2964 4429 3109 4504 diri
3160 4433 3413 4512 ema-s
3462 4439 3801 4538 presumi)

1141 4521 1230 4614 ό·
1255 4541 1598 4626 antequam
1638 4523 1812 4614 usna
1836 4525 2256 4618 ,menigadae'
2283 4525 2463 4600 naas·
2480 4521 2617 4614 fint
2633 4576 2658 4615 ,
2696 4533 3073 4619 morituros,
3098 4531 3307 4627 facile
3326 4543 3755 4636 exfssr'naea'n
3774 4597 3801 4632 ‚

1141 4623 1286 4720 Dei
1313 4621 1721 4733 proximam
1743 4620 2004 4720 fietus,
2049 4623 2353 4722 adtende
2392 4621 2591 4718 inseri
2652 4629 2923 4730 Cbrfflv.
3022 4635 3135 4712 1>ae
3180 4643 3424 4726 caretis
3450 4667 3615 4722 vero
3648 4647 3803 4742 qnid
