4667 5442
964 670 1171 784 686
1600 669 2040 778 Oarmo
2112 663 2468 770 Immo.
2539 661 3076 790 TRAJEGQ·

963 834 1298 922 scientiae,
1352 830 1609 912 constet
1630 879 1651 919 ‚
1690 836 1881 908 Evan
1933 829 2145 906 elium
2167 831 2237 906 in
2260 833 2348 906 iis
2361 855 2606 906 verum
2629 825 2794 915 esse,
2833 831 3160 932 miremur
3177 849 3441 917 umen,
3463 827 3642 932 qu-0-

1024 959 1185 1010 uam
1222 955 1409 1008 tanta
1447 931 1574 1008 lux
1604 930 1808 1020 nobis
1844 955 1883 1001 a
1984 923 2088 1002 lfit
2114 975 2136 1011 ‚
2191 953 2297 1003 res
2347 947 2491 1002 tam
2527 951 2738 1004 certas
2777 929 2852 1002 δι
2881 925 3302 1006 indubitatae
3399 951 3496 1002 on
3531 911 3644 1020 nifi

1020 1031 1362 1106 ubitanter
1397 1025 1941 1126 praestantiffimis
1966 1024 2260 1122 ingeniis
2294 1020 2672 1124 perspectae
2693 951 3466 1122 explicatasquefiaiffle„
3511 1027 3644 1100 Ta-

971 1127 1069 1202 lia
1103 1123 1257 1201 sunt
1294 1151 1450 1225 quae
1487 1123 1575 1198 de
1612 1127 1771 1196 Deo
1818 1121 2146 1219 illiusque
2185 1119 2556 1196 virtutibus
2587 1167 2610 1204 ,
2689 1145 2849 1220 quae
2893 1119 2982 1194 de
3021 1117 3272 1200 mundi
3319 1119 3654 1216 conditu-,2

970 1249 1130 1322 quae
1166 1224 1253 1297 de
1286 1220 1593 1296 hominis
1630 1219 1719 1292 ad
1743 1221 1881 1292 Dei
1910 1218 2281 1316 imaginem
2316 1219 2647 1314 primaeva
2687 1217 3021 1290 creatione
3061 1262 3088 1301 ‚
3163 1239 3330 1328 quae
3371 1217 3462 1291 de
3501 1211 3566 1316 le
3641 1229 3648 1236 '

970 1321 1188 1394 menti
1223 1317 1537 1417 inscripta
1562 1362 1586 1400 ‚
1640 1339 1799 1414 quae
1850 1312 1938 1387 de
1976 1333 2414 1414 peccatorum
2461 1316 2814 1412 atrocitate
2860 1315 2936 1388 &
2981 1313 3248 1388 meritis
3279 1359 3308 1396 2
3375 1337 3568 1416 qua

972 1415 1490 1492 immortalitate
1514 1414 1761 1488 animae
1798 1412 1875 1483 &
1906 1410 1995 1483 de
2026 1405 2284 1483 diversa
2310 1411 2596 1508 piorum
2613 1411 3131 1507 impiorumque
3158 1405 3320 1508 post
3351 1407 3646 1486 hanc'vi-

972 1535 1117 1588 tam
1156 1511 1553 1587 conditione
1590 1555 1615 1592 ,
1666 1506 1781 1580 vel
1814 1507 2171 1581 traduntur
2207 1507 2277 1579 in
2308 1506 2734 1618 Evangelio,
2784 1505 2898 1580 vel
2927 1501 3440 1604 supponuntur.
3515 1505 3644 1584 Sed

972 1614 1047 1684 &
1085 1610 1217 1683 alia
1248 1609 1581 1680 docentur
1619 1603 1705 1677 de
1737 1603 1992 1700 quibus
2033 1626 2118 1675 ne
2144 1599 2369 1676 hilum
2395 1600 2682 1702 quidem
2718 1601 3036 1676 homines
3087 1595 3412 1700 suspicati
3447 1625 3650 1694 erant.

971 1730 1145 1875 ἓὲῗῗῑ
1168 1700 2263 1873 ffffgessdffiffdffifflggpgssggm
2278 1697 3652 1898 ’&²{33{?1}¹3321¹33?2f32213‘„¹53513

2218 1841 2241 1878 2

978 1923 1067 1972 ex
1095 1890 1235 1995 ipsa
1275 1916 1511 1969 natura
1549 1887 1979 1965 hauseramus
1999 1895 2167 1963 arae
2198 1888 2535 1966 coherere
2553 1937 2578 1973 ,
2629 1895 2704 1966 δι
2725 1886 3177 1965 adsummum
3203 1893 3478 1968 bonum
3495 1919 3652 1970 coa·

978 1991 1406 2092 sequendum
1445 1985 1570 2062 effe
1609 1983 1916 2062 absolute
1963 1982 2317 2060 neceffaria
2366 2015 2386 2062 ε
2456 1988 2640 2061 unde
2683 1984 2761 2060 fit
2800 2009 2876 2060 ut
2907 1990 2978 2061 in
3015 1989 3102 2060 iis
3139 2013 3236 2064 ex
3269 1991 3510 2068 animo
3543 2015 3649 2066 ac-

1026 2085 1426 2164 uiescamus.
1524 2091 1757 2183 Atque
1796 2107 2035 2158 eorum
2073 2081 2227 2158 sane
2268 2081 2410 2158 esto
2441 2083 2841 2182 exemplum
2882 2081 3247 2158 satisfactio
3265 2087 3528 2164 valoris
3547 2089 3648 2168 iu·-

974 2115 1148 2260 lqmiti
1169 2231 1191 2269 ‚
1246 2211 1406 2282 quae
1446 2189 1679 2257 Deum
1709 2204 1919 2278 atque
1964 2179 2281 2252 homines
2321 2173 2648 2253 immensa
2681 2181 3002 2281 voragine
3029 2182 3424 2281 diremptos
3449 2183 3648 2272 veluti

977 2305 1192 2382 ponte
1228 2281 1400 2355 fac'to
1439 2279 1688 2369 junxit.
1790 2275 1947 2350 Post
1978 2296 2087 2346 tot
2138 2276 2368 2348 irritos
2420 2272 2790 2350 hominum
2831 2299 3114 2350 conatus
3147 2279 3220 2352 in
3257 2305 3334 2354 re
3387 2277 3652 2368 eriendn,

974 2380 1237 2454 ratione
1279 2374 1515 2451 salutis
1546 2371 1946 2446 hominibus
1994 2369 2436 2470 impetrandae
2467 2417 2490 2453 ‚
2546 2395 2618 2444 re
2659 2369 3049 2470 desperata,
3105 2377 3271 2472 quis
3475 2373 3650 2452 'rabit

974 2479 1211 2551 Deum
1242 2473 1448 2549 illum
1488 2461 1615 2544 effe
1644 2470 1770 2567 qui
1811 2467 2127 2567 princeps
2156 2468 2319 2542 vitae
2361 2469 2696 2542 rationem
2737 2471 2999 2545 invenit
3033 2516 3058 2556 ,
3112 2473 3192 2548 δε

1420 2665 1425 2670 -
1502 2617 1825 2698 fluetibus
1864 2643 1901 2692 e
1937 2622 2135 2694 tanttk
2170 2605 2376 2695 vitiza
2405 2623 2720 2720 tantisque
2759 2619 3032 2697 tenebris

1504 2725 1591 2795 In
1624 2741 1760 2794 um
1785 2719 2132 2813 tranquilla
2163 2739 2241 2788 ac
2272 2736 2412 2791 tam
2449 2717 2628 2793 clara
2662 2718 2804 2793 luce
2835 2720 3132 2796 locavit?

979 2877 1302 2971 Denique
1335 2869 1667 2946 nonnulla
1705 2895 1831 2943 nos
1870 2868 2113 2956 edocet
2162 2870 2612 2967 Evangelium
2642 2919 2664 2957 ‚
2731 2900 2889 2972 quae
2939 2898 3254 2952 mentem
3291 2873 3646 2952 humanam

978 2968 1055 3045 su
1107 2993 1292 3043 erant
1328 3015 1351 3050 ‚
1406 2992 1705 3062 quaeque
1742 2967 1901 3037 ideo
1923 2968 2141 3062 prima
2168 2964 2388 3040 fronte
2415 2991 2565 3042 eam
2592 2975 2980 3067 perturbare
3003 2976 3080 3048 &
3100 2967 3452 3050 offendere
3475 2964 3640 3074 poffe

978 2999 1323 3140 visentur.
1423 3070 1748 3135 Attamen
1784 3060 1831 3133 fi
1868 3065 2025 3159 quis
2057 3064 2131 3136 in
2162 3087 2241 3134 ea
2264 3063 2508 3160 paullo
2535 3065 2941 3180 diligentius
2983 3071 3300 3146 animum
3321 3071 3632 3154 intendzt.

977 3161 1864 3334 zffiss'ziiffiss‘ffiuffiffiss?
1891 3160 2960 3338 Z'Zssiiefiinffifffissm‘ffi
3055 3191 3448 3340 3223&
3467 3191 3644 3338 ’Ἓξ

932 3337 951 3360 ”
979 3355 1097 3433 vel
1129 3378 1364 3427 natura
1397 3280 1869 3450 quadgntenu's
1916 3355 2209 3452 cognitae
2246 3399 2271 3438 ‚
2345 3353 2454 3429 vel
2493 3309 2734 3455 postea,
2758 3359 3076 3435 revelatae
3128 3357 3272 3436 sese
3311 3311 3512 3436 menti
3561 3383 3640 3433 ue

978 3451 1225 3529 nostris
1260 3449 1601 3523 evidentia
1632 3451 1936 3523 veritatis
1960 3447 2426 3548 persuaserunt
2461 3501 2483 3538 ‚
2539 3455 2632 3526 ita
2653 3479 2812 3553 apte
2844 3459 3206 3547 conjuncta
3241 3463 3320 3536 &
3353 3479 3642 3536 connexa

983 3545 1111 3624 effe
1130 3595 1155 3634 ,
1209 3570 1289 3621 ut
1307 3546 1452 3621 haec
1485 3548 1711 3643 negari
1750 3573 1891 3620 non
1909 3545 2161 3646 possint
2184 3593 2207 3631 ,
2316 3552 2433 3623 uin
2460 3554 2533 3623 ὃς
2552 3551 2672 3626 ina
2695 3554 3180 3630 labefactentur
3209 3581 3288 3629 ac
3309 3577 3640 3632 corruant:

979 3647 1279 3744 denique
1312 3639 1671 3742 perspiciet
1709 3665 1967 3717 tantam
2000 3646 2071 3718 in
2102 3645 2191 3718 iis
2226 3573 2352 3718 ell'e
2371 3667 2658 3745 tamque
2683 3655 2840 3723 Deo'
2864 3649 3146 3750 dignam
3165 3649 3648 3728 sublimitatem

980 3771 1053 3817 ac
1096 3743 1493 3839 sapientiam
1514 3786 1536 3823 ‚
1592 3761 1670 3812 ut
1702 3765 1929 3840 neque
1966 3742 2206 3851 ignota
2231 3745 2557 3838 reperiri,
2613 3771 2838 3844 neque
2859 3771 3120 3845 reperta
3141 3753 3478 3850 componi
3499 3771 3646 3826 con-

985 3839 1295 3934 nestique
1333 3836 1419 3909 ab
1444 3833 1751 3910 humano
1786 3839 2067 3935 ingemo
2102 3839 2480 3933 potuerint.
2584 3849 2662 3914 In
2701 3841 2882 3917 hunc
2931 3839 3206 3920 censum
3239 3848 3468 3923 refero
3489 3845 3640 3922 ado-

983 3935 1207 4006 randae
1230 3935 1583 4005 Trinitatis
1609 3932 2007 4031 mysterium
2023 3978 2048 4016 ‚
2090 3936 2201 4017 δε,
2233 3959 2392 4031 quae
2417 3936 2592 4010 illud
2613 3936 3081 4039 consequitur,
3119 3944 3640 4020 incarnationem

982 4029 1143 4101 Filii
1164 4031 1297 4102 Dei
1317 4055 1404 4102 ex
1422 4032 1665 4102 intafta
1682 4031 1992 4128 Virgine.
2097 4033 2275 4119 Quae
2300 4031 2692 4118 hominum,
2723 4062 2881 4134 quae
2901 4039 3338 4136 Angelorum
3358 4038 3636 4122 solertia»

982 4123 1135 4207 haec
1164 4146 1302 4198 tam
1342 4123 1574 4198 abdita
1608 4173 1633 4208 ‚
1684 4148 1829 4200 tam
1868 4123 2184 4200 sublimia
2218 4175 2241 4210 ‚
2294 4151 2626 4229 tantoque
2651 4134 3015 4208 intervallo
3039 4161 3322 4210 omnem
3347 4142 3642 4214 omnium

983 4243 1435 4296 creaturarum
1472 4243 1751 4320 captum
1788 4221 2321 4300 muscendentia
2355 4273 2380 4310 ‚
2453 4232 2837 4329 excogitare
2875 4229 3256 4310 valuisti-,ee
3305 4239 3454 4310 Cui
3485 4235 3556 4310 id
3585 4235 3646 4308 in

982 4339 1287 4392 mentem
1316 4318 1549 4392 venire
1576 4319 1811 4416 potuit
1846 4365 1873 4404 ,
1924 4343 2137 4394 unam
2176 4341 2389 4494 ετῗιιιο
2413 4323 2848 4402 individuam
2884 4333 2975 4404 D.
3017 4335 3118 4405 Ο.
3151 4333 3268 4406 Μ.
3317 4329 3644 4408 essentiam

980 4404 1203 4492 tribus
1230 4408 1569 4494 subfistere
1602 4413 1913 4493 Personis
1932 4471 1958 4500 ,
2006 4441 2167 4516 quae
2186 4461 2213 4502 ‚
2294 4421 2419 4496 ‘cet
2455 4419 2594 4496 suis
2617 4422 2918 4500 discretae
2940 4423 3464 4516 characteribus,
3489 4451 3648 4504 unus

984 4535 1217 4589 tamen
1274 4513 1469 4584 Deus
1504 4507 1633 4586 {int
1670 4540 1689 4588 ε
1760 4535 1881 4590 aut
1910 4536 2241 4588 aeternum
2286 4521 2424 4592 Dei
2477 4517 2736 4595 Filium
2767 4522 3180 4610 hominem-2
3233 4529 3308 4602 in
3351 4547 3646 4626 tempore

982 4603 1207 4722 uasti,
1260 4631 1409 4711 quo
1442 4607 1675 4714 legem
1710 4605 2113 4692 hominibus
2150 4610 2368 4706 latam
2397 4614 2734 4718 impleat:
2785 4621 2862 4698 &
2899 4619 3198 4722 quidem
3231 4649 3326 4702 ex
3361 4623 3646 4796 Ιιοιιιίἐιί-

1192 4773 1199 4780 .
3581 4739 3646 4795 Β
