4667 5442
628 488 1572 611 anesarnVI.Vrns·IV.
1719 502 1780 588 21

441 655 665 740 clauderetur,
681 657 822 757 serique
834 655 926 750 ferro
943 657 1054 732 venais
1063 654 1281 748 obseraretur,
1302 652 1494 756 pessdosque
1506 654 1588 729 aros
1602 648 1732 729 habaet
1748 650 1784 724 in
1927 713 1931 719 .

438 751 574 843 saecun
589 752 686 829 linum
704 752 861 846 demissos,
883 779 943 830 roro
952 773 1103 852 perpetuo
1118 756 1224 850 lapide
1235 749 1449 844 fabricatum,
1471 751 1542 843 visa
1561 748 1604 836 esd
1619 751 1714 825 notin
1726 748 1783 820 ho·
1936 761 1942 766 ’

443 873 485 923 ra
490 846 589 935 sexta
603 850 713 947 sponte
729 850 900 948 patescere.
953 856 1017 926 Hic
1040 869 1147 925 auctu
1166 851 1323 925 curriculo
1333 869 1394 947 per
1408 849 1541 936 custodes
1557 848 1667 945 ternpli
1686 845 1782 940 magi·

434 942 558 1031 siracui
576 950 785 1030 renuntiati,
808 946 965 1036 adscendn
983 946 1060 1029 ille,
1082 949 1144 1019 vix
1163 972 1203 1019 ue
1221 972 1289 1020 earn
1302 950 1411 1041 potuit
1428 947 1582 1022 claudere.
1604 948 1694 1020 Unde
1703 960 1784 1037 pru-

405 1069 415 1082 ··
443 1044 603 1117 autores
621 1044 732 1140 templi
752 1062 891 1118 tutarnen
904 1041 1013 1139 sponte
1023 1042 1084 1133 sua
1101 970 1279 1135 dissolutum
1298 1047 1342 1117 iri
1368 1040 1568 1137 cogitabante
1593 1043 1637 1118 Θ
1655 1037 1786 1125 bostirnn
1940 1118 1943 1126 ,

443 1139 559 1212 donurn
578 1135 636 1228 esse
649 1160 760 1237 portae
778 1144 916 1236 aperiri:
938 1137 1195 1239 solitudinemque
1212 1140 1268 1214 illo
1279 1137 1391 1223 osteum
1403 1138 1539 1235 fignari,
1562 1141 1645 1211 incer
1659 1135 1696 1225 se
1709 1154 1783 1233 pro-

444 1231 643 1330 nunciabant.
668 1241 759 1326 Quae
777 1235 915 1310 historia
935 1237 1099 1314 vaticinio
1120 1234 1200 1311 huic
1217 1235 1261 1309 ad
1286 1235 1422 1311 literam
1441 1234 1510 1309 sere
1536 1228 1732 1331 respondet.

542 1428 682 1504 XXIV.
709 1427 908 1504 Accessit&
930 1427 1028 1502 aliud
1046 1427 1238 1505 ostentum:
1278 1427 1534 1527 quodDonrus
1556 1421 1658 1524 ipsa,
1698 1428 1899 1506 San-xxxv.
1918 1438 1978 1501 Dr·

445 1526 613 1599 &uarium
629 1524 823 1600 distindtum
845 1523 887 1596 ab
908 1524 1037 1623 adyto,
1066 1529 1240 1610 &atriis,
1276 1552 1451 1601 nurum
1484 1550 1627 1599 ruuurr
1658 1516 1924 1596 ruinosum·
1994 1539 1997 1545 '

448 1622 493 1695 ld
511 1623 644 1697 Placeua
663 1622 828 1719 intelligit
845 1620 889 1691 de
911 1620 1009 1693 sumo
1028 1618 1200 1706 srtcrificii,
1228 1626 1265 1696 &
1281 1625 1452 1720 praecipue
1467 1618 1664 1695 suffimenti.
1688 1602 1875 1695 Namll‘m‘
1887 1594 1937 1653 ‘²⁰'

446 1720 609 1799 viarm,
634 1720 767 1814 inquit,
793 1721 904 1815 quain
922 1721 1007 1790 atrio
1020 1717 1080 1807 sub
1099 1722 1150 1793 dio
1171 1715 1377 1810 offerebam,
1395 1717 1526 1809 surnua,
1569 1742 1649 1792 uteru
1663 1691 1878 1790 exituum·
1963 1714 1968 1725 '

444 1841 508 1890 non
534 1813 683 1896 baberet,
704 1833 765 1910 per
787 1812 1011 1903 enesaunt,
1043 1819 1088 1891 ab·
1109 1816 1178 1891 loca
1192 1813 1378 1908 sandistma
1398 1836 1520 1912 pcroag
1562 1835 1656 1896 atur,
1686 1838 1786 1913 eaque
1923 1871 1928 1880 .

443 1916 539 1989 odore
550 1911 733 2007 complebat.
770 1916 851 1987 Non
873 1913 1047 1985 Sacerdotis
1066 1916 1231 1991 levitici,
1255 1916 1310 2011 qui
1328 1913 1436 1992 nullut
1451 1917 1486 1987 in
1500 1913 1558 1986 bae
1569 1908 1686 2002 risone
1704 1934 1786 1985 corrr-

437 2026 562 2108 parer,·
581 2006 638 2097 sed
653 2009 826 2081 Sacerdotis
845 2006 975 2093 (brissi,
999 2012 1055 2105 qui
1064 2007 1132 2104 posi
1142 2012 1307 2106 pernotum
1316 2004 1532 2099 sacrisciran,
1550 2007 1656 2099 sedern
1673 2012 1708 2082 in
1726 2031 1787 2081 ex·

443 2131 481 2179 ce
502 2130 563 2179 nno
571 2105 652 2196 solio
674 2106 843 2199 thymiana
855 2106 1068 2199 intercessiones
1087 2103 1207 2197 assere,
1241 2110 1285 2182 (a
1303 2105 1410 2190 consti
1420 2106 1599 2197 sansiuario
1616 2101 1783 2187 minisrat.

446 2207 611 2275 Ceterum
639 2199 714 2273 haec
735 2200 796 2273 abs
814 2225 850 2274 re
869 2200 936 2272 dici
956 2200 1127 2277 videntur.
1152 2209 1239 2276 Non
1260 2204 1353 2277 enim
1374 2201 1529 2277 Christus
1548 2200 1602 2274 hic
1619 2204 1704 2289 girei
1722 2201 1786 2273 Sa·

444 2297 615 2378 sordetis,
642 2298 879 2409 expiationem
895 2296 1073 2382 facientis,
1101 2322 1160 2372 aut
1173 2299 1435 2382 intercedentis,
1462 2295 1522 2372 sed
1535 2291 1650 2371 offensr
1662 2301 1714 2369 Re
1741 2300 1784 2381 is,

442 2397 483 2469 &
501 2390 607 2468 severi
615 2395 773 2565 flsludrcis,
801 2391 916 2469 habet.
957 2400 1085 2492 Neque
1107 2396 1225 2469 sumus
1246 2392 1454 2481 suffimenti,
1481 2396 1543 2495 qui
1562 2389 1698 2493 gratiosi
1725 2394 1788 2468 uni

394 2560 406 2583 ‚
445 2490 587 2573 odoris,
666 2490 846 2565 benevolae
864 2494 1106 2589 acceptationis
1122 2494 1215 2576 Dei,
1243 2489 1310 2565 five
1327 2492 1613 2574 instrumentum,
1640 2486 1709 2563 sive
1733 2515 1790 2563 ar·

445 2608 654 2686 gementum
673 2610 769 2669 erat,
795 2586 987 2660 admodum
1010 2592 1172 2670 convenit
1197 2614 1277 2663 tum
1295 2610 1444 2672 tremore
1468 2587 1618 2689 postium
1638 2606 1709 2661 tem
1736 2584 1787 2670 li,

446 2680 533 2756 mali
554 2684 681 2758 ominis
700 2702 876 2781 portento.
904 2684 1059 2758 Calvinus
1078 2681 1260 2770 observat,
1299 2680 1394 2759 fuisse
1412 2686 1479 2760 hoc
1496 2687 1691 2760 ordinarium
1704 2611 1789 2777 synt·

429 2777 573 2861 bolum,
589 2803 649 2878 quo
664 2782 826 2856 Dominus
843 2804 918 2877 erga
936 2803 1078 2856 veterem
1089 2784 1242 2879 populun
1261 2782 1333 2873 usus
1346 2780 1397 2868 esd.
1421 2785 1659 2969 Nampuoriet
1671 2778 1789 2869 Masis,

445 2877 585 2975 inquit,
612 2873 847 2951 tabernaculum
861 2875 1115 2974 ingrediebatur,
1139 2880 1271 2977 legimus
1282 2878 1407 2972 summu
1419 2879 1528 2976 spargi
1555 2878 1665 2954 obitum
1677 2874 1789 2970 surse,

446 2994 485 3049 ut
499 2972 634 3071 populna
651 2997 750 3072 neque
767 2973 879 3066 Mosen
897 3000 995 3075 neque
1017 2973 1254 3053 tabernacubcrn
1275 2980 1395 3051 intueri
1416 2973 1523 3077 posset.
1554 2981 1673 3050 Funus
1690 2996 1763 3069 ergo
1776 3026 1791 3057 ι

444 3092 537 3167 quern
556 3068 701 3159 describit
717 3070 873 3164 Jesaias,
895 3068 1039 3163 nonfuit
1052 3098 1103 3149 res
1123 3077 1301 3172 incognita,
1319 3073 1376 3164 sed
1388 3093 1450 3171 pro
1465 3097 1551 3149 errore
1563 3070 1672 3158 tesiam
1683 3072 1792 3145 voluit

446 3172 562 3250 Deus,
579 3166 615 3258 sc
628 3172 802 3266 potentiam
820 3168 913 3259 suurn
929 3167 1149 3261 adserendum
1161 3172 1322 3268 depopulo
1332 3171 1485 3263 judiciter
1495 3193 1635 3243 exerere.
1683 3172 1732 3240 At
1753 3169 1791 3239 in

447 3288 492 3336 eo
506 3265 622 3338 virum
640 3260 885 3363 sagacissimum
903 3264 993 3362 fugit
1012 3268 1120 3347 ratio,
1149 3266 1248 3362 quod
1271 3292 1341 3339 non
1361 3264 1552 3339 distinxerit
1574 3266 1661 3336 inter
1678 3258 1792 3335 nubem

447 3356 630 3451 &stonum
678 3366 775 3431 Nam
796 3358 896 3455 quod
910 3365 1034 3439 Deus,
1061 3362 1097 3431 in
1122 3359 1341 3431 dedicatione
1361 3380 1433 3431 tam
1455 3357 1661 3431 tabernaculi
1682 3382 1791 3457 quam

445 3454 600 3554 templi,
642 3451 939 3552 utrumque-nube
962 3453 1175 3550 repleverit,
1214 3453 1389 3528 clarissime
1409 3455 1559 3569 legimus
1578 3452 1693 3529 Exod.
1717 3480 1790 3532 ru:

449 3572 509 3648 34.
537 3574 569 3626 1.
588 3554 679 3649 Reg.
701 3572 821 3625 verre
852 3572 907 3625 ro.
945 3555 1098 3649 Eratque
1124 3548 1192 3623 hoc
1215 3546 1348 3651 srgnum
1365 3545 1521 3652 gratiosa
1549 3574 1589 3624 ae
1610 3549 1791 3626 benevolae

447 3645 635 3751 praesentiae
654 3649 743 3730 Dei,
771 3642 831 3720 sed
848 3643 1074 3732 obscurioris,
1110 3650 1162 3721 uti
1192 3651 1326 3722 Veteris
1353 3646 1564 3722 Testamenti
1583 3648 1790 3722 reconomiae

448 3744 685 3821 conveniebat.
715 3745 835 3821 annu
853 3769 968 3820 autern
988 3749 1044 3820 ira
1067 3748 1104 3819 dc
1118 3744 1262 3819 vinditio
1279 3740 1480 3842 symbolum
1496 3741 1554 3818 est.
1576 3739 1629 3817 Ps.
1652 3765 1790 3821 xviri:

448 3867 485 3937 9.
509 3864 651 3918 rnre:
681 3863 711 3914 ι.
728 3844 834 3915 Deut.
853 3864 976 3917 xxrx:
1003 3866 1063 3918 ao.
1090 3846 1134 3915 Et
1150 3837 1327 3938 speciatim
1344 3837 1532 3915 hicnotare
1544 3837 1682 3912 videtur
1698 3861 1791 3914 tem-

473 3942 500 4014 li
520 3965 581 4039 per
597 3943 778 4012 Romanos
796 3937 1022 4023 incendium,
1047 3962 1127 4012 nam
1149 3939 1289 4012 flamma
1309 3936 1408 4011 sumo
1429 3937 1589 4036 proxima
1613 3932 1682 4009 est:
1708 3934 1790 4011 hine

446 3968 688 4147 brutumque
705 4037 764 4127 jun
792 4035 858 4110 'tur
876 4040 988 4131 Apoc.
1014 4057 1076 4111 rx:
1109 4057 1172 4120 17,
1196 4043 1409 4114 18.xvrrr:
1433 4057 1470 4126 9.
1503 4030 1615 4107 isthoc
1635 4027 1711 4106 sane
1734 4035 1791 4106 in·

439 4133 573 4209 ¹cendio
600 4158 661 4206 vix
677 4132 748 4205 aliu
792 4132 931 4205 Divinae
947 4127 1106 4207 adversus
1133 4128 1168 4205 se
1194 4126 1479 4206 excandescentia
1501 4128 1664 4204 illustrius
1689 4152 1791 4229 argu-

450 4253 607 4307 mentum
623 4253 778 4327 unquam
794 4251 815 4299 a
832 4226 965 4327 Judaeis
984 4224 1202 4329 conspedtum
1221 4226 1280 4304 est.
1321 4232 1444 4319 Qum
1465 4227 1557 4301 enim
1572 4230 1691 4324 ignem
1703 4229 1792 4301 cirea

450 4321 486 4402 se
507 4329 662 4428 prirnum
685 4346 882 4415 cernerent,
916 4324 1039 4428 templi
1059 4327 1212 4426 porticus
1230 4322 1687 4429 aliquotdepoptdantem,
1714 4346 1792 4397 cor·

1126 4426 1205 4517 (33
1706 4439 1793 4522 pota
1843 4417 1849 4425 ’
1927 4488 1929 4491 ,
