4667 5442
689 486 767 579 Da
805 485 948 580 Vtra
983 487 1248 602 Jonauurs
1290 484 1572 580 Bana-istu.
1640 610 1646 623 ¹
1684 473 1823 614 '³431

476 643 539 722 ille
558 694 568 729 ‚
598 669 692 744 quam
707 650 786 721 mali
797 648 1074 745 suspeslioresfimr
1083 683 1097 733 ;
1107 648 1302 743 'semperque
1322 648 1549 722 alienavimus
1561 647 1764 740 formidulosa
1780 647 1832 734 est.

482 741 626 818 Accessit
646 746 852 842 quotidiana
873 748 1017 845 impurae
1048 774 1085 821 ac
1113 739 1307 820 libidinosae
1338 746 1547 817 Herodiadis
1576 749 1827 844 importunitas,
1902 781 1907 790 ·

483 843 656 915 continuis
700 845 867 941 rincipem
885 845 1036 939 querelis
1057 867 1209 922 vexans,
1237 841 1347 913 donec
1364 844 1515 913 vinstum
1533 866 1705 927 cerneret,
1731 846 1831 936 cujus

479 962 552 1010 non
571 869 714 1013 molella
732 942 864 1022 modo,
892 940 950 1014 sed
971 944 1007 1013 δι
1025 938 1252 1014 intolerabilis
1269 983 1279 1019 ,
1309 934 1369 1033 ipfi
1387 934 1456 1008 visa
1472 936 1582 1011 fuerat
1601 938 1753 1016 libertas

576 1039 751 1111 LXXIV.
777 1044 815 1109 ln
836 1063 905 1134 qua
925 1059 1019 1133 parte
1039 1037 1182 1110 ditionis
1200 1031 1267 1107 suae
1295 1040 1443 1106 vindum
1466 1033 1659 1132 Johannem
1680 1040 1827 1111 tenuerit
1836 1052 1965 1118 Lxxlv.
2032 1114 2038 1132 ,

480 1132 668 1215 Herodes,
697 1158 741 1204 ex
761 1136 870 1207 Sacris
886 1134 1005 1207 nostris
1025 1159 1094 1206 non
1107 1134 1232 1231 liquet.
1284 1132 1413 1205 Idcirco
1424 1132 1509 1205 nihil
1521 1154 1613 1205 vetat
1623 1157 1695 1231 quo
1713 1136 1825 1207 minus
1835 1153 1886 1188 Μ
1905 1150 1963 1189 Μ

482 1232 663 1303 credamus
685 1225 868 1329 Josepho,
895 1227 1086 1303 sanuiffimi
1105 1232 1178 1305 viri
1202 1253 1367 1303 carcerem
1386 1274 1396 1310 ,
1425 1230 1461 1299 in
1484 1231 1697 1304 macherunte
1717 1208 1940 1306 collo-‘'⁶³⁹''
1956 1202 2009 1299 {⁴⁸¹

477 1330 579 1401 canti.
630 1331 712 1400 Erat
741 1350 858 1399 autem
885 1328 1092 1410 Machares,
1118 1349 1292 1399 extremus
1322 1335 1452 1412 Perae,
1474 1321 1539 1397 slve
1565 1330 1713 1426 regionis
1734 1349 1824 1400 trans
1834 1304 1903 1429 5,ss
1914 1302 1986 1416 222⁸

480 1424 669 1520 Jordanem
689 1418 780 1504 fitae,
802 1424 934 1498 limes:
971 1426 1137 1497 terminus
1163 1424 1261 1521 'regni
1290 1421 1473 1502 Herodis,
1502 1425 1539 1494 δι
1558 1429 1671 1496 Aretae
1692 1424 1868 1498 Arabiane
1880 1373 1986 1513 absum

480 1526 605 1600 Nam,
631 1521 792 1616 quamvis
818 1520 861 1591 de
877 1521 1021 1593 Galilaea
1043 1521 1209 1593 duntaxat
1232 1518 1418 1617 loquantur
1435 1520 1648 1617 Evangelia,
1674 1530 1824 1596 Peraeam
1833 1512 1999 1608 peregantur,

480 1619 584 1687 etiam
605 1616 648 1687 ad
665 1618 833 1688 ditionem
855 1618 1005 1689 Herodis
1016 1612 1231 1714 pertinuisse,
1262 1620 1377 1686 auslor
1392 1612 1562 1713 Josephus
1579 1617 1635 1690 est.
1690 1592 1987 1724 Atubi·'{{{l:{5„

477 1736 613 1808 cunque
634 1713 754 1793 fuerit,
783 1715 895 1784 initio
909 1714 1052 1810 quidem
1074 1739 1142 1786 non
1158 1711 1349 1784 admodum
1369 1716 1492 1783 arbam
1515 1708 1608 1784 fuille
1629 1716 1730 1788 vineti
1741 1721 1825 1786 Pro·
1835 1690 1883 1800 {m
1894 1689 1987 1811 ἴρηξ

477 1806 592 1903 phetae
605 1808 791 1881 custodiam
804 1856 815 1890 ,
843 1807 921 1881 hinc
940 1832 1065 1906 patet,
1094 1809 1194 1905 quod
1219 1804 1395 1902 discipulis
1411 1804 1513 1902 ipsius
1542 1809 1629 1882 liber
1656 1805 1888 1884 concellusirus
1911 1819 1946 1878 dr
1966 1836 2007 1871 re·
2058 1892 2061 1897 Α

476 1904 634 1989 videatur
654 1900 837 1980 fuisse-itus
852 1909 887 1978 δι
906 1909 1032 1986 exitus.
1085 1908 1157 1995 Qui
1178 1903 1339 2000 magistro
1362 1905 1604 1980 renunciabant
1621 1908 1761 2007 grandia
1775 1929 1827 1979 at·
1835 1898 1908 1957 ‘1²⁸⁸‘
1927 1888 2006 1968 ‘ss'⁸¹

476 2025 546 2096 que
559 2000 757 2074 admiranda
771 1998 928 2098 prorsus,
955 2001 1084 2099 quibus
1096 2001 1335 2076 inclarescebat
1351 1996 1460 2098 Jesus,
1481 2026 1597 2097 opera.
1649 2005 1754 2082 Unde
1768 2028 1830 2077 oc·
1931 2067 1934 2072 .

476 2093 642 2175 cafionem
666 2093 781 2171 sumsit
804 2100 893 2171 duos
908 2124 951 2172 ex
968 2102 1009 2171 iis
1024 2097 1067 2171 ad
1085 2098 1203 2199 Jesum
1224 2097 1408 2178 mittendi,
1435 2094 1659 2175 sciscitaturos
1680 2149 1692 2186 ,
1719 2103 1829 2198 etquid

473 2194 538 2289 ipse
562 2191 635 2284 effer
658 2218 815 2269 ventatur
833 2196 906 2277 ille,
930 2223 972 2268 an
991 2198 1225 2291 exspectandum
1245 2191 1396 2267 baberent
1416 2194 1523 2268 alium.
1573 2200 1681 2286 Quod
1704 2200 1826 2295 utique
1904 2261 1906 2268 .

476 2316 547 2362 non
567 2289 623 2363 sua
645 2345 656 2371 ,
691 2289 749 2363 setl
775 2295 872 2364 unice
893 2289 1141 2390 discipulorum
1161 2289 1300 2365 suorum
1328 2285 1435 2361 caussa
1455 2291 1497 2362 ab
1519 2290 1594 2391 ipso
1618 2295 1743 2367 fassum
1763 2288 1828 2366 elle

474 2386 591 2460 credo.
643 2391 736 2477 Quia
759 2391 852 2460 enim
872 2389 1014 2461 videbar
1030 2414 1101 2462 non
1121 2389 1243 2485 procul
1261 2385 1333 2459 sea
1355 2384 1452 2460 stadii
1467 2384 1516 2460 sui
1539 2415 1630 2463 meta
1648 2385 1768 2471 abelle,
1790 2393 1828 2463 dc

472 2480 662 2581 discipulos
676 2482 778 2566 suos,
805 2488 968 2581 quamvis
987 2486 1138 2558 multum
1161 2485 1289 2558 laboris
1304 2488 1339 2555 in
1360 2485 1402 2555 iis
1416 2482 1502 2556 bene
1513 2485 1556 2557 de
1568 2486 1829 2563 Christoinfor·

472 2582 609 2654 mandis
628 2576 818 2662 sumstllet,
845 2604 960 2655 tamen
982 2581 1095 2654 adhuc
1122 2584 1285 2678 ancipites
1307 2579 1454 2662 haerere,
1484 2605 1679 2659 extremum
1698 2579 1828 2657 boesa·

470 2678 594 2751 nandae
615 2675 767 2775 ipsorum
790 2673 977 2752 infirmitati
1007 2674 1162 2776 quaefivit
1180 2678 1385 2752 remedium.
1438 2679 1549 2752 Nulla
1575 2685 1668 2755 enim
1686 2683 1825 2761 meliori

471 2777 605 2849 ratione
625 2777 819 2848 conviuum
836 2802 895 2848 eos
914 2779 955 2848 iri
978 2779 1194 2857 autumavit,
1232 2801 1337 2873 quam
1362 2770 1522 2874 fiJesum
1543 2775 1745 2876 praesentem
1764 2803 1828 2849 au·

471 2872 585 2944 ditent
602 2872 840 2969 viderentque.
893 2873 1133 2945 Commodum
1149 2899 1232 2946 vero
1249 2873 1393 2954 accidit,
1420 2897 1460 2944 ut
1481 2896 1556 2947 tum
1575 2874 1620 2946 ad
1645 2873 1758 2970 lesum
1770 2900 1827 2949 ac·

469 2967 630 3042 cederent
648 2969 788 3066 quando
807 2971 909 3041 variis
928 2970 1060 3042 morbis
1078 2966 1153 3042 solo
1167 2971 1273 3044 verbo
1284 2997 1322 3044 ac
1335 2992 1421 3042 nutu
1434 2965 1495 3040 suo
1507 2971 1666 3044 curandis
1682 2998 1824 3069 operam

471 3064 577 3137 dabat
589 3071 844 3139 Luc.v11:21.
893 3070 979 3139 Eam
999 3066 1045 3137 ob
1065 3093 1138 3139 rem
1161 3065 1248 3138 nihil
1267 3067 1363 3139 aliud
1378 3062 1605 3161 iisrespondit
1624 3067 1743 3166 Jesus,
1764 3064 1827 3139 nifi
1888 3139 1898 3157 N

469 3160 540 3236 hoc
561 3166 726 3235 unicum:
755 3159 895 3252 Profecli
910 3169 1095 3235 annunciate
1117 3164 1284 3255 Johanni,
1308 3186 1372 3250 que
1391 3162 1510 3241 uidisses
1527 3166 1570 3236 ds
1591 3162 1744 3246 audistt'r;
1769 3187 1827 3235 ce·

449 3285 523 3337 ,cos
544 3258 647 3348 visum
660 3262 819 3355 recipere,
842 3260 966 3331 claudos
988 3258 1152 3332 ambulare
1174 3312 1184 3337 ,
1209 3258 1343 3351 leprosos
1357 3252 1524 3351 perficeres
1541 3312 1553 3339 ‚
1569 3257 1681 3347 surdos
1703 3264 1827 3342 audire,

467 3376 609 3431 mortuos
627 3355 793 3447 suscitari,
815 3353 1008 3451 pauperibus
1027 3356 1275 3449 Evangeliaari.
1325 3355 1425 3429 Utin
1442 3354 1628 3436 omnibus,
1656 3357 1703 3426 ita
1721 3358 1757 3427 δι
1769 3353 1826 3429 hic

467 3453 647 3551 profesto,
675 3454 873 3525 admiranda
892 3454 1037 3524 Domini
1056 3454 1159 3525 nostri
1184 3447 1345 3548 sapientia
1360 3451 1415 3523 cst.
1465 3448 1566 3523 Nihil
1586 3450 1710 3524 directe
1728 3453 1771 3524 de
1792 3447 1828 3525 se

469 3546 547 3647 ipso
566 3547 782 3647 respondet,
808 3552 934 3647 partim
964 3553 1046 3646 quia
1071 3550 1175 3622 satius
1198 3548 1455 3630 arbitrabatur,
1483 3573 1556 3620 rem
1580 3544 1686 3645 ipsam
1710 3548 1824 3644 loqui,

427 3682 451 3707 ο
495 3648 594 3720 artim
613 3671 652 3720 ut
672 3644 820 3746 Johanni
844 3643 1012 3742 copiosrus
1032 3643 1130 3744 super
1150 3644 1220 3718 suis
1248 3646 1444 3728 miraculis,
1472 3649 1510 3719 &
1529 3645 1616 3743 quid
1634 3672 1677 3717 ex
1688 3647 1729 3719 iis
1741 3672 1826 3721 con·

466 3672 525 3815 sci
538 3743 700 3825 deberet,
729 3740 909 3818 disserendi
931 3767 1171 3842 argumentum
1193 3738 1437 3840 suppeditaret.
1491 3746 1535 3814 Et
1552 3740 1633 3839 plus
1648 3741 1825 3844 islaagen-
1910 3791 1914 3796 -

468 3839 507 3912 di
525 3844 613 3913 ratio
636 3842 681 3913 ad
698 3837 851 3937 ipsorum
873 3844 1124 3914 convictionem
1143 3839 1254 3913 valuit
1275 3886 1286 3920 ‚
1315 3835 1459 3936 quamst
1482 3839 1609 3913 clarum
1629 3837 1766 3937 prorsus
1787 3842 1842 3915 &³

464 3936 574 4011 nullis
587 3937 789 4036 ambagibus
810 3940 1020 4035 implicitum
1035 3934 1231 4034 responsum
1252 3934 1450 4010 retulissent.
1503 3943 1619 4034 Opera
1637 3939 1728 4010 enim
1743 3963 1823 4035 quae
1899 3955 1904 3963 '

465 4032 635 4117 faciebat,
663 4036 896 4108 testimonium
919 4036 962 4105 de
978 4035 1100 4107 coelesti
1119 4034 1273 4106 missione
1292 4032 1392 4131 ipstus
1405 4056 1499 4107 erant
1510 4080 1521 4116 ,
1550 4036 1647 4108 omni
1663 4033 1822 4108 tellimo·
1886 4047 1889 4054 '

462 4132 527 4205 nio
549 4130 718 4231 Johannis
732 4135 843 4221 majus
857 4155 962 4228 atque
984 4132 1168 4228 augustius.
1191 4129 1274 4230 Joh.
1291 4157 1332 4202 v:
1352 4136 1409 4222 36.
1438 4158 1483 4205 x:
1500 4153 1567 4222 25,
1595 4153 1659 4222 37,
1683 4140 1741 4224 38.

565 4232 720 4303 LXXV.
747 4234 945 4309 Caeterum,
966 4229 1018 4299 uti
1036 4226 1212 4327 Johannes
1229 4228 1273 4300 ad
1293 4230 1373 4299 vitae
1390 4224 1457 4301 suae
1479 4225 1580 4302 finem
1601 4228 1724 4302 Christi
1736 4228 1943 4326 glo-[xxv.

461 4325 525 4401 riae
546 4327 791 4423 promovendae
813 4350 953 4399 omnem
973 4325 1193 4422 impendebat
1221 4351 1359 4423 operam
1381 4350 1393 4410 3
1426 4328 1473 4398 ita
1499 4327 1639 4402 vitilltm
1660 4324 1817 4398 Christus
1827 4321 1864 4381 Ur
1874 4320 1979 4397 Μ’*

460 4427 641 4525 captivum
663 4428 732 4499 Dei
749 4420 886 4503 servum
904 4447 948 4501 eo
963 4421 1158 4507 honestavit
1172 4422 1290 4522 elogio
1302 4447 1375 4523 quo
1384 4422 1474 4503 nihil
1491 4426 1560 4506 dici
1572 4396 2002 4597 P⁰mi10¹5‘¹'fini⁸as‘sff'

639 4565 641 4572 ·
1690 4539 1815 4594 enuus.
