4667 5442
562 504 654 615 ¹3²
802 432 1532 583 'Euturtcr'rnrro
1600 479 1684 584 VI.

557 654 724 756 coagulasti
734 657 808 731 me?
832 666 911 730 Cute
931 658 975 731 d·
993 680 1085 729 carne
1102 653 1229 743 induisti
1245 657 1320 731 me?
1343 653 1573 758 Offlbutque&
1590 660 1704 734 nervii
1721 653 1914 743 texisinei

558 761 603 832 Et
624 756 699 829 sane
716 753 864 853 amplius
884 753 974 826 dixit
996 747 1206 826 Ecclefiastes
1219 759 1419 829 Creatorem
1429 756 1604 839 vocando,
1632 749 1913 855 quamsrneum

558 848 706 925 dixisset.
757 850 894 924 Clarius
904 854 996 922 enim
1010 851 1058 920 ita
1068 849 1222 922 innuitur
1241 852 1295 941 jus
1312 851 1409 948 quod
1427 852 1464 924 in
1481 850 1659 948 hominem
1673 850 1792 925 habet
1805 856 1907 932 Deus,

557 952 595 1022 &
618 945 781 1020 beneficia
800 971 879 1044 quae
894 943 1121 1017 inhominem
1143 946 1314 1030 contulit,
1342 950 1379 1019 δι
1400 947 1601 1019 omnimoda
1616 947 1785 1021 hominis
1805 951 1908 1022 anu

557 1044 797 1142 dependentia.
849 1046 896 1116 At
924 1066 966 1111 ue
987 1039 1059 1113 haec
1081 1038 1128 1112 est
1152 1043 1264 1125 ratio,
1291 1068 1350 1117 cut
1366 1038 1436 1139 ipse
1461 1038 1495 1114 se
1519 1049 1615 1118 Deus
1638 1048 1689 1117 ita
1714 1037 1844 1118 lsraeli
1866 1068 1909 1117 re·

490 1210 493 1217 .
557 1136 756 1240 praesentet:
782 1143 849 1233 Ego
865 1068 998 1232 Jequova
1015 1138 1084 1224 sum
1098 1135 1222 1224 santius
1238 1136 1357 1222 oetier,
1384 1145 1514 1212 creator
1531 1140 1691 1230 Israe'lri,
1716 1163 1790 1212 rex
1799 1137 1907 1224 vester.

556 1235 844 1336 Jesxu111215.
897 1234 968 1320 Qui
988 1237 1192 1305 Creatorem
1207 1233 1320 1316 dicit,
1347 1237 1377 1307 is
1398 1233 1483 1307 dicit
1506 1241 1673 1309 aeternum
1695 1281 1708 1318 ‚
1742 1237 1909 1333 omnipo

556 1354 710 1414 tentem,
739 1328 870 1405 summe
887 1326 1093 1425 sapientem,
1120 1324 1253 1401 summe
1265 1330 1423 1415 bonum3
1448 1329 1570 1428 easque
1584 1335 1736 1405 virtutes
1751 1327 1908 1430 suasipsu

557 1432 633 1499 adu
655 1423 861 1501 exserentem
872 1451 884 1511 3
910 1446 1014 1522 atque
1033 1419 1167 1495 insimul
1182 1422 1378 1508 supremum
1398 1450 1504 1525 atque
1524 1424 1828 1502 absolutissimum
1842 1433 1909 1500 Do·

512 1562 516 1569 ·
557 1525 693 1596 minum
698 1548 824 1689 porum
836 1546 926 1620 quos
946 1520 1094 1594 creavit:
1121 1522 1182 1618 qui
1196 1545 1305 1618 quum
1318 1520 1352 1596 se
1371 1519 1463 1622 ipsos
1476 1525 1513 1596 in
1530 1518 1684 1598 solidum
1697 1524 1733 1597 ei
1747 1523 1908 1606 debeant.

561 1646 702 1789 ommis.
723 1619 908 1811 edimisique
926 1710 1013 1784 illud
1032 1713 1333 1879 praetereundum,
1361 1714 1460 1809 quod
1489 1739 1561 1788 vox
1580 1709 1738 1788 Hebraea
1769 1700 1909 1815 pluralis

560 1812 693 1887 numeri
703 1811 840 1908 proprie
852 1818 1018 1901 Oratores
1047 1831 1140 1882 onet.
1191 1808 1322 1881 Eadem
1333 1807 1465 1882 locutio
1476 1811 1646 1884 invenitur
1655 1807 1712 1886 Ps.
1728 1837 1907 1888 cxrrxzu

559 1926 670 1996 1²wa
695 1908 820 1990 &nutv
843 1923 947 1988 noun
973 1910 1114 1977 Laterur
1133 1906 1233 1995 Israel
1250 1908 1411 2004 irritaqui
1423 1904 1568 1996 fecerunt
1582 1905 1696 2002 ipsm
1750 1915 1908 2010 Itemque

558 2000 626 2107 Jes.
641 2031 727 2076 utu:
752 2023 785 2094 5.
811 1998 909 2091 'sm
922 1981 1039 2088 'iw-
1055 2002 1095 2073 ¹2
1118 2006 1194 2098 quia
1214 2004 1325 2074 mariti
1339 2008 1390 2076 tui
1399 2000 1538 2093 fusiores
1548 2006 1601 2075 tui
1617 2055 1629 2084 ,
1651 2003 1805 2098 Jebovae
1827 2031 1906 2080 exa·

557 2106 676 2175 citum
696 2096 738 2183 est
754 2125 865 2175 nomen
884 2100 962 2193 ejus.
1012 2104 1101 2187 Qrae
1118 2093 1255 2195 phrases
1273 2123 1344 2170 non
1362 2100 1538 2171 immerito
1556 2098 1757 2176 referuntur
1774 2101 1824 2175 ad
1835 2103 1906 2201 piu-

559 2197 730 2273 ralitatem
743 2198 946 2269 Divinarum
967 2192 1200 2293 personarum.
1251 2198 1345 2266 Nam
1357 2198 1516 2292 quamvis
1535 2197 1637 2268 unius
1650 2199 1726 2269 Dei
1747 2221 1826 2274 una
1847 2200 1907 2274 vir·

562 2313 636 2364 tute
654 2316 791 2390 unaque
813 2295 942 2365 actione
962 2292 1065 2365 creati
1083 2285 1213 2373 fimus,
1241 2293 1278 2361 &
1301 2288 1460 2363 haetenus
1474 2315 1583 2362 unum
1595 2288 1797 2368 habeamus
1809 2299 1907 2370 Cret·

559 2410 672 2461 torem
697 2416 706 2462 t
730 2388 845 2487 plures
864 2410 978 2461 tamen
997 2382 1074 2459 sunt
1092 2381 1410 2482 Divinaepersonae,
1437 2387 1565 2484 quibus
1585 2410 1622 2458 ea
1638 2390 1788 2463 creandi
1806 2393 1906 2464 virtus

559 2485 598 2557 &
617 2487 703 2556 adio
723 2484 931 2558 attribuitur.
984 2480 1057 2581 lpsa
1080 2476 1187 2554 Musis
1205 2483 1412 2554 creationem
1423 2485 1586 2557 narrantis
1602 2477 1804 2558 dissertatio
1822 2489 1910 2598 cogi·

558 2583 727 2653 tationem
741 2578 837 2654 istam
851 2581 998 2679 legentis
1016 2579 1133 2650 animo
1146 2578 1334 2677 ingenerat.
1385 2584 1469 2667 Quo
1480 2580 1573 2653 enim
1586 2578 1717 2652 melius
1725 2583 1862 2658 reseras
1871 2581 1909 2655 rl·

557 2673 621 2749 lud
635 2672 801 2761 muris
826 2696 928 2761 uta,
955 2678 1014 2757 δι,
1040 2690 1163 2756 :nus
1181 2693 1285 2763 nutu
1299 2672 1459 2766 faciamus
1471 2676 1645 2756 bonrum.
1663 2677 1728 2761 δι,
1749 2675 1907 2770 faama

464 2839 471 2854 ,
557 2790 649 2856 non
674 2794 778 2856 unu)
795 2772 969 2864 furtunae
983 2795 1025 2844 ex
1044 2767 1157 2844 nebu?
1180 2775 1225 2842 Et
1241 2769 1317 2844 sane
1336 2769 1408 2843 haec
1425 2773 1583 2870 princeps
1601 2767 1769 2848 salutaris
1781 2771 1908 2875 sapien·

557 2871 616 2942 tiae
631 2895 708 2967 pars
722 2869 791 2951 est,
818 2876 935 2942 Deum
951 2862 1064 2941 nosse:
1089 2891 1159 2938 non
1179 2867 1226 2938 ita
1236 2870 1425 2964 generatim
1443 2871 1480 2941 &
1491 2863 1651 2950 confuse,
1680 2867 1831 2946 utscias
1843 2873 1908 2946 exi·

558 2963 643 3040 {iere
662 2965 807 3063 aliquod
819 2962 991 3038 summum
1010 2969 1173 3044 Numen,
1196 2987 1216 3033 a
1234 2986 1308 3060 quo
1322 2959 1385 3036 srnt
1396 2966 1526 3037 omnia.
1575 2969 1624 3038 Ea
1634 2965 1733 3039 enirn
1752 2969 1906 3068 cognitio

559 3065 627 3134 Dei
645 3056 800 3154 remansit
818 3062 853 3133 in
867 3057 1094 3144 Gentilibus3
1118 3082 1208 3153 quos
1227 3084 1334 3133 caecos
1353 3062 1414 3133 &i
1454 3063 1553 3160 agine
1566 3063 1634 3133 Dei
1653 3059 1851 3140 destinatos
1864 3059 1908 3137 es-

559 3154 618 3239 se,
646 3158 869 3255 quantumvis
890 3151 950 3228 srbi
978 3150 1010 3227 sa
1037 3155 1145 3227 ientes
1167 3156 1365 3231 viderentur
1386 3204 1396 3240 ‚
1417 3087 1523 3231 ¹sacrae
1544 3182 1609 3231 nos
1632 3157 1749 3232 literae
1771 3161 1905 3236 docent.

556 3256 628 3330 Sed
645 3254 690 3324 ad
705 3277 822 3327 veram
842 3180 1101 3350 Theosopdiam
1125 3253 1293 3349 pertinet,
1321 3277 1361 3326 ut
1378 3254 1530 3330 distinete
1549 3256 1666 3335 noris,
1695 3259 1787 3354 quis
1802 3253 1905 3332 fitiiis

559 3354 658 3423 Deus
679 3355 693 3435 ς’
715 3374 804 3424 unus
821 3349 966 3451 quidem
979 3373 1119 3432 revera,
1146 3370 1182 3421 at
1198 3348 1371 3424 distinctus
1384 3352 1493 3423 tribus
1513 3345 1678 3449 personis.
1730 3355 1797 3428 Sic
1813 3347 1850 3428 se
1864 3353 1905 3428 ab

559 3448 661 3519 initio
676 3450 831 3522 Patribus
853 3444 1079 3519 manifestavit
1097 3470 1109 3531 3
1134 3469 1302 3542 quantum
1322 3469 1519 3545 temporum
1529 3446 1670 3521 istorum
1681 3445 1849 3534 ruditas,
1874 3451 1907 3524 dt

560 3537 714 3618 Ecclesrae
729 3545 874 3638 pueritia
894 3541 1035 3613 serebat.
1083 3538 1277 3639 Mansrtque
1290 3542 1441 3617 dostrina
1459 3544 1518 3618 ista
1533 3545 1568 3616 in
1588 3541 1731 3617 &nuliis
1748 3549 1905 3646 piorum,

587 3660 725 3735 erpetua
738 3635 900 3722 zamira
911 3635 1047 3710 tradita.
1099 3637 1211 3726 eujus
1232 3642 1433 3712 memoriam
1465 3643 1501 3712 δι
1517 3640 1811 3718 attentionem-in
1832 3646 1909 3742 qui·

559 3662 706 3808 insuam
730 3732 782 3805 sui
810 3732 876 3804 aevi
895 3729 1096 3806 hominibus
1126 3729 1333 3817 exolevisse,
1359 3732 1446 3809 serio
1466 3737 1662 3837 indignatus
1679 3735 1807 3814 Eiilru.
1825 3739 1906 3842 Job.

558 3856 681 3907 xxxv:
705 3854 761 3904 ro.
811 3834 895 3904 Non
913 3833 1018 3902 dicmu
1034 3825 1106 3909 'W
1122 3806 1217 3890 flii*
1237 3832 1305 3892 ΠΨ
1329 3837 1394 3908 Ubi
1405 3831 1446 3916 est
1464 3838 1557 3907 Deus
1576 3838 1632 3931 qui
1645 3829 1806 3924 fecerum
1826 3861 1888 3913 ure.

380 3979 423 4041 η
457 3976 534 4063 Qu
658 3932 719 3999 vt.
747 3924 802 3999 Ab
820 3922 884 3997 hac
914 3925 982 3997 Dei
1003 3930 1179 4000 Creatoris
1202 3928 1380 4003 oblivione
1408 3930 1579 4004 auditores
1601 3926 1681 4003 suos
1699 3931 1908 4010 dehortatur

381 4024 498 4126 52⁰5qu
560 4019 793 4101 Ecclesiastes,
807 4043 1006 4119 perpetuam
1018 4024 1090 4113 ejus
1101 4026 1302 4098 memoriam
1314 4025 1570 4099 commendans.
1621 4030 1795 4106 Memento
1809 4039 1908 4104 Cret·

380 4124 530 4211 minfffe.
557 4120 705 4192 tonitui.
756 4123 875 4191 Nemo
888 4112 1114 4215 cujuscunque
1127 4123 1176 4191 rei
1188 4124 1360 4203 meminit,
1388 4119 1448 4193 nist
1461 4147 1565 4218 quam
1576 4123 1671 4234 prius
1684 4128 1908 4226 cognoverit.
1947 4123 1949 4204 i

558 4222 681 4312 ltaque
695 4214 808 4285 omnis
821 4215 1010 4287 recordatio
1024 4211 1187 4315 supponit
1197 4219 1458 4292 antecedaneam
1474 4215 1648 4293 scientram
1654 4266 1666 4302 ,
1693 4223 1733 4295 dc
1755 4224 1910 4299 involvit
1947 4283 1949 4310 ,

557 4312 738 4407 repetitam
758 4312 883 4383 mentis
903 4312 1128 4384 attentionem
1145 4312 1189 4384 ad
1207 4339 1246 4386 ea
1261 4340 1340 4411 quae
1352 4313 1487 4411 pridem
1509 4314 1686 4390 didicerat.
1739 4315 1909 4394 ecclesu-
1947 4335 1949 4352 '

556 4405 623 4491 ses
642 4408 769 4511 igitur,
795 4430 907 4510 quum
920 4407 1018 4502 jubet
1038 4404 1227 4490 meminisse
1247 4414 1444 4501 creatoris,
1471 4431 1551 4488 ante
1571 4415 1690 4490 omnia
1702 4416 1846 4518 exigit,
1871 4435 1910 4490 ut
1947 4461 1949 4512 ᾗ

1809 4535 1908 4593 mem
1947 4551 1949 4590 ;
