4667 5442
637 517 713 613 Du
746 514 950 622 Evauc.
986 517 1043 611 Iu
1080 512 1320 610 Arcturo:
1350 506 1574 611 tunore,
1693 529 1790 645 357

432 676 656 763 adtribuere,
692 703 732 753 ut
756 677 879 779 siquis
900 708 976 755 eam
997 706 1058 756 nec
1080 685 1208 780 opinus
1243 680 1393 767 subeat,
1431 707 1492 755 nec
1521 682 1563 753 de
1587 682 1788 768 criminibut

433 775 665 875 abstergendis
683 779 838 874 cogitans
849 827 860 860 ‚
890 782 991 852 noxis
1013 802 1128 853 tamen
1148 780 1310 854 omnibus
1329 800 1493 879 purgetur
1515 805 1558 852 ex
1580 805 1682 876 opere
1701 802 1786 875 ope·

436 896 513 949 tato
540 902 549 946 z
578 881 726 954 Gaurus,
751 871 817 947 sive
839 872 1006 958 Crebros,
1030 874 1178 975 siculpae
1197 878 1339 968 alicujus
1354 874 1415 949 smt
1436 878 1577 958 affines,
1604 876 1661 948 vel
1679 877 1784 949 exse·

438 963 525 1043 thali
549 970 671 1067 aliquo
691 971 815 1042 morbo
840 973 1078 1056 decumbant,
1115 971 1279 1045 accersere
1310 970 1551 1054 sacerdotem,
1589 996 1695 1068 quem
1720 982 1819 1067 ca,

432 1064 517 1161 fiam
536 1067 731 1164 appellant,
759 1065 825 1140 hoc
847 1067 894 1140 est
915 1066 1157 1163 presbyterio.-
1183 1073 1236 1144 cui
1257 1070 1351 1142 labes
1380 1063 1591 1143 conscientiae
1611 1070 1780 1165 aperiant,

437 1164 482 1235 ab
499 1188 613 1259 eoque
633 1159 850 1237 absolvantur
863 1165 905 1235 de
950 1168 1099 1249 occatio,
1133 1163 1196 1238 hac
1216 1166 1320 1265 lege,
1357 1185 1397 1236 ut
1417 1167 1474 1262 pia
1492 1166 1609 1262 aliqua
1625 1163 1782 1260 praestent

436 1283 563 1355 opera,
593 1258 720 1356 quibus
739 1265 817 1330 Deo
836 1189 993 1334 sarissa:
1021 1270 1185 1335 Peruanos
1203 1262 1259 1333 die
1280 1263 1438 1360 quodam
1480 1260 1638 1332 rocedere
1651 1256 1711 1355 sup
1737 1260 1782 1332 li-

438 1379 583 1437 tantes,
611 1380 652 1425 eo
672 1379 779 1452 prope
798 1357 946 1439 ordine,
968 1382 1041 1453 quo
1056 1357 1150 1457 apud
1165 1353 1400 1431 Romanenses
1419 1286 1477 1430 fed
1711 1286 1735 1426 ii

438 1449 478 1525 sti
498 1478 507 1523 :
534 1445 591 1524 sua
611 1449 839 1540 Cet‘lanenfibut
859 1452 1059 1546 monasteria
1077 1459 1114 1528 &
1129 1449 1236 1528 sacras
1259 1455 1410 1538 domos3
1435 1448 1515 1524 suos
1534 1446 1782 1526 Macassarenfi-

438 1546 745 1627 busPatriarchas,
773 1545 853 1621 suos
865 1550 1111 1646 Presbyteros,
1134 1545 1268 1623 suos&
1287 1549 1488 1622 inferiorum
1511 1549 1673 1622 ordinum
1696 1549 1782 1622 cle-

437 1646 530 1717 ticos
551 1638 613 1715 esse
635 1670 648 1729 3
673 1647 709 1714 ὅ(
730 1642 793 1716 hos
812 1648 848 1717 &
865 1645 948 1717 ilios
974 1648 1098 1719 initiari
1118 1673 1139 1720 a
1160 1644 1359 1722 Patriarchis
1383 1692 1394 1729 ,
1435 1643 1641 1726 Patriarchas
1662 1667 1781 1718 autem

438 1740 484 1810 ab
504 1764 574 1810 uno
598 1736 755 1837 supremo
775 1742 862 1838 legis
888 1738 956 1813 suae
974 1744 1141 1816 Antistite.
1192 1747 1237 1817 Et
1256 1767 1335 1839 quae
1356 1742 1392 1813 id
1409 1765 1519 1842 genus
1540 1737 1607 1812 stne
1636 1764 1781 1813 numero

435 1831 528 1909 sunt.
582 1838 747 1907 Dicamus
770 1838 886 1932 itaque
910 1840 1008 1935 quod
1026 1865 1078 1912 res
1098 1839 1178 1913 est:
1218 1864 1289 1911 nou
1306 1838 1379 1910 haec
1399 1864 1444 1910 ex
1460 1835 1719 1913 Christianismo
1735 1835 1781 1907 ad

437 1956 498 2003 eas
518 1955 637 2029 gentes
657 1931 808 2004 derivata
827 1930 920 2016 effe,
953 1935 1068 2008 multo
1095 1938 1210 2009 minus
1233 1960 1277 2010 ex
1298 1933 1496 2032 Apostolica
1516 1933 1780 2031 praedicatione:

436 2025 518 2108 sed,
547 2024 668 2125 srquae
687 2051 861 2103 narrantur
879 2055 960 2105 vera
978 2028 1082 2115 suut,
1110 2031 1236 2106 studius
1259 2027 1322 2103 effe
1342 2055 1388 2105 ex
1413 2029 1515 2102 fertili
1532 2029 1607 2102 solo
1624 2024 1783 2126 supersti-

437 2121 603 2198 tiosarum
623 2127 819 2207 mentium,
847 2152 933 2224 quas
952 2128 1047 2201 nulla
1065 2155 1136 2203 non
1151 2150 1239 2202 terra
1253 2129 1338 2211 alit,
1366 2120 1503 2224 copiose
1519 2127 1785 2224 progerminar-

437 2240 491 2294 tes
502 2268 514 2303 ,
541 2223 577 2292 in
594 2217 726 2294 infinita
743 2247 946 2295 caeterorum
969 2227 1099 2298 rituum
1123 2220 1339 2306 diversitate,
1366 2223 1421 2295 hic
1446 2221 1533 2294 forte
1551 2219 1612 2293 sibi
1630 2217 1782 2294 sunilcs:

437 2341 485 2389 cx
502 2317 629 2414 quibus
642 2321 787 2415 proinde
810 2322 957 2419 vigentis
971 2320 1058 2395 olim
1075 2321 1198 2396 inistis
1216 2321 1377 2421 gentibus
1390 2315 1634 2394 Christianismi
1645 2316 1783 2389 nullum

410 2472 413 2476 .
438 2410 580 2488 formari
600 2414 702 2511 possit
723 2438 972 2511 argumentum.

537 2514 708 2585 xxxlu.
735 2516 907 2585 Hadenus
925 2538 981 2586 eat
1000 2516 1201 2596 excussimus
1220 2518 1393 2597 rationes,
1422 2512 1548 2611 quibus
1560 2513 1633 2585 Viri
1645 2505 1927 2601 Unctis-xxm

438 2602 516 2681 stmi
529 2608 674 2706 probare
693 2606 797 2680 adnisi
815 2604 892 2681 sunt
912 2657 923 2693 ,
951 2637 1012 2708 per
1026 2611 1212 2711 Apostolos
1226 2612 1436 2685 Americanis
1456 2634 1597 2707 quoque
1616 2607 1928 2707 praedica-rmum

437 2724 518 2777 tum
535 2699 600 2776 effe
621 2705 875 2802 Evangeliumt
912 2708 955 2778 de
975 2732 1121 2806 quarum
1145 2709 1263 2782 valore
1286 2706 1362 2805 pust
1380 2702 1632 2781 observationes
1653 2704 1781 2778 nostrat
1789 2686 1925 2824 Ὑφ’

438 2823 545 2900 aequo
566 2802 702 2873 Lestori
720 2803 888 2893 judicium
906 2802 988 2877 esto.
1039 2812 1142 2879 Nunc
1168 2805 1206 2877 id
1225 2805 1431 2886 videamus,
1464 2803 1623 2900 nunquid
1641 2781 1916 2917 objedrefsstm

418 2929 420 2934 ’
436 2898 657 2972 difficultates
676 2899 859 2972 commoda
879 2895 957 2973 satis
970 2899 1141 2975 solutione
1159 2927 1179 2973 e
1199 2903 1316 2975 medio
1330 2900 1469 2974 sublatae
1483 2895 1558 2973 srnt.
1609 2901 1680 2989 Qui
1702 2924 1785 2996 pto·

438 2994 579 3070 fectioni
598 2993 845 3093 Apostolorum
866 3000 901 3070 in
928 3002 1122 3074 Americam
1141 2999 1379 3097 obloquuntur
1399 3045 1410 3079 ,
1447 2999 1489 3070 iis
1515 2996 1553 3067 id
1569 2996 1783 3093 potissimum

436 3092 641 3167 nominibus
660 3091 817 3178 faciunt,
854 3102 882 3169 1.
896 3097 990 3181 Quia
1008 3095 1102 3168 nulla
1122 3099 1195 3187 ejus
1215 3096 1450 3167 convincentia
1469 3104 1669 3188 argumenta
1686 3096 1786 3162 inve-

436 3191 568 3271 niunt,
594 3213 675 3286 quae
696 3191 739 3260 ab
759 3184 1015 3264 adfirmantibus
1039 3191 1162 3263 adferri
1193 3191 1361 3287 oportuit.
1422 3197 1465 3261 11.
1495 3191 1587 3273 Qria
1622 3186 1665 3257 ad
1687 3182 1785 3258 illam

436 3286 690 3387 profectionem
710 3283 819 3356 multa
837 3281 1096 3382 supponuntur,
1124 3310 1293 3380 quaecum
1313 3278 1400 3355 sacta
1413 3282 1660 3380 Apostolorum
1679 3281 1787 3352 histo-

438 3386 495 3459 ria
514 3405 584 3453 non
605 3379 795 3453 admodum
822 3382 1060 3463 conveniunt,
1099 3381 1216 3479 qualia
1245 3379 1383 3452 anobis
1405 3403 1475 3451 non
1495 3402 1602 3475 pauca
1624 3376 1785 3448 adnotata

436 3474 532 3554 sunt.
584 3483 646 3550 111.
672 3478 764 3563 Quia
783 3478 992 3551 Americanae
1009 3477 1076 3551 istae
1089 3479 1246 3576 regiones
1257 3498 1412 3572 tempore
1429 3474 1674 3573 Apostolorum
1685 3467 1787 3570 prisci

439 3575 539 3650 orbis
560 3570 762 3646 hominibus
792 3572 929 3647 fuerunt
947 3576 1162 3673 incognitae,
1198 3576 1234 3646 &
1256 3577 1323 3645 viae
1347 3572 1391 3645 ad
1413 3596 1499 3654 eas,
1527 3567 1595 3644 sive
1615 3573 1700 3643 mati
1718 3566 1786 3641 sive
1910 3627 1914 3634 .
1939 3601 1949 3634 ¹.

1479 1358 1708 1453 oc'orpotisC
1735 1358 1782 1428 ri-

436 3693 552 3753 terra,
579 3672 694 3744 inviae.
746 3675 864 3768 Atque
881 3669 944 3746 hac
961 3672 1160 3746 difficultate
1171 3671 1272 3744 valde
1285 3666 1318 3742 se
1335 3671 1446 3768 premi
1463 3669 1620 3742 videntes
1632 3667 1678 3752 ii,
1705 3667 1787 3766 qui·
1883 3667 1887 3673 '
1924 3687 1932 3698 ¹
1952 3719 1961 3729 ,

439 3768 510 3845 bus
528 3766 590 3842 stat
605 3776 642 3844 τὸ
666 3778 905 3855 Μυλάων,
928 3768 1036 3842 multa
1053 3769 1291 3868 excogitarunt
1309 3791 1389 3865 quae
1401 3786 1617 3864 reponerent.
1772 3781 1778 3794 '
1962 3863 1964 3867 ι

539 3867 718 3938 XXXIV.
745 3870 788 3937 Et
808 3864 846 3938 id
868 3866 1010 3962 quidem
1031 3868 1145 3964 ptimo
1162 3863 1359 3964 negandum
1380 3859 1441 3935 srbi
1461 3882 1604 4031 putant,
1630 3860 1929 3959 incognitam,
1960 3875 1964 3882 '

439 3985 516 4039 tam
532 3961 705 4035 veteribus
723 3963 917 4035 Americam
930 3957 1050 4038 fuisse:
1077 3987 1188 4061 quum
1209 3986 1284 4034 eam
1304 3961 1401 4034 Plato
1422 3956 1459 4032 su
1499 3956 1669 4050 Atlantica
1686 3956 1789 4046 insule
1797 3966 1841 4061 131
1853 3965 1949 4025 Attae·

442 4061 588 4134 nomine
607 4059 643 4130 in
662 4060 775 4134 Timeo
790 4054 1012 4156 descripserit.
1063 4057 1155 4130 Mihi
1174 4057 1317 4156 quidem
1337 4082 1407 4130 non
1421 4054 1567 4128 lubetea'
1586 4100 1599 4139 ,
1626 4079 1705 4152 quae
1717 4043 1861 4129 tam'ffi‘·

441 4152 644 4254 finpliciter
665 4180 686 4229 a
704 4156 842 4229 Platone
858 4179 1052 4235 narrantur,
1080 4180 1158 4229 cum
1183 4151 1392 4248 Jambir'cho,
1416 4153 1454 4225 &
1473 4150 1617 4234 Ptolo,
1641 4150 1792 4251 aliisque

439 4251 588 4332 Platone
599 4252 839 4350 interpretibus
850 4297 862 4334 ,
889 4253 926 4325 in
946 4253 1086 4351 frigidas
1098 4250 1280 4350 allegorias
1298 4272 1441 4322 vertere.
1490 4248 1560 4320 Sed
1577 4272 1706 4346 eaquae
1718 4253 1792 4323 Cri·

440 4353 512 4430 t't'at
529 4372 700 4424 memorat
718 4374 763 4426 ex
781 4375 847 4423 avo
865 4344 952 4435 suo,
979 4372 1063 4423 avus
1083 4373 1128 4421 ex
1149 4346 1261 4421 Solone
1282 4399 1295 4428 ,
1329 4345 1422 4420 Solon
1444 4368 1488 4420 ex
1506 4339 1677 4421 sacerdote
1700 4370 1792 4442 quo-

442 4448 530 4527 dan
546 4449 690 4533 sono,
713 4469 886 4527 auretam
905 4441 1315 4617 contemptorum,
1339 4440 1552 4526 att-subulam
1567 4465 1720 4524 metam,
1748 4464 1791 4512 an

1162 4565 1188 4640 γ
1212 4560 1230 4638 3
1717 4555 1792 4613 tem
