4667 5442
547 501 642 607 126
812 493 1539 593 'Extrcrrarro
1609 489 1672 594 v.'

361 692 522 755 nimiam-
543 689 693 744 meretur
713 641 994 737 meditationem.
1045 662 1225 734 Nimirum
1251 660 1473 761 receptissima
1503 658 1596 762 apud
1624 655 1802 762 Judoeos,
1838 683 1910 738 non

362 775 415 834 eie.
541 766 745 842 recentiores
755 757 899 929 polum,
927 754 986 830 sed
1007 761 1044 831 &
1064 760 1314 860 antiquissimos
1322 804 1333 840 ,
1361 783 1514 856 quorum
1533 757 1651 856 aliqua
1665 755 1811 833 exstant
1831 783 1910 831 mo·

541 883 729 941 numento,
772 859 920 930 ententia
937 855 1004 937 est,
1057 854 1212 953 lerasque
1235 880 1356 929 omnes
1378 860 1425 928 V.
1448 858 1498 929 T.
1529 853 1710 937 historias,
1753 878 1821 928 eas
1844 850 1908 928 sal·

538 980 612 1033 tem
619 980 701 1056 quae
720 980 793 1055 prae
816 951 946 1027 caeteris
961 952 1018 1025 val
1045 944 1156 1024 esunt
1173 951 1368 1035 notabiles,
1431 976 1527 1025 raeter
1543 950 1756 1026 historicum·
1767 946 1907 1028 sensum

538 1051 666 1129 habere
688 1076 831 1151 quoque
842 1048 1036 1148 mysticum.
1088 1052 1168 1121 Huc
1186 1050 1335 1147 pertinet
1356 1074 1374 1120 e
1399 1072 1495 1121 atum
1511 1048 1601 1122 illud
1624 1047 1907 1145 vulgatissimum

540 1172 592 1237 m
614 1152 779 1233 :orn
800 1153 966 1230 mutu
989 1162 1126 1231 :nnn
1139 1164 1241 1326 puta
1265 1164 1351 1230 nme
1374 1164 1448 1230 nm
1472 1143 1574 1231 bure
1597 1162 1727 1258 ormi
1747 1161 1817 1251 pre
1849 1147 1906 1224 Ne

540 1251 632 1322 mira
659 1250 781 1342 quidem
806 1249 841 1317 in
873 1249 960 1337 Lege
989 1244 1085 1316 litera
1105 1269 1146 1314 ex
1171 1263 1226 1323 ae,
1250 1270 1271 1313 a
1290 1265 1353 1339 qua
1375 1267 1433 1315 non
1448 1247 1610 1340 pendeant
1634 1261 1760 1314 memtet
1782 1244 1906 1338 magnii.

452 1336 456 1344 ¹
540 1352 659 1444 Atque
676 1341 756 1416 binc
775 1341 842 1424 est,
869 1340 968 1440 quod
977 1343 1012 1412 in
1027 1339 1218 1437 allegorico
1234 1341 1341 1438 Legis
1353 1337 1647 1438 &Prophetarum
1659 1332 1761 1411 sensu
1780 1363 1905 1412 eruen-

542 1442 612 1524 do,
641 1463 719 1512 ame
740 1436 864 1512 Christi
889 1439 928 1510 δι
947 1436 1194 1536 Apostolorum
1221 1459 1378 1517 aetatem,
1416 1435 1664 1534 plerorumque
1689 1431 1906 1536 Judaeorurn
1933 1491 1938 1506 .

541 1533 757 1611 desudaverit
780 1534 958 1616 industria:
986 1534 1036 1606 uti
1053 1533 1194 1636 prolixi
1216 1531 1459 1631 exemplorum
1476 1530 1676 1606 inductione
1687 1531 1906 1631 comproba·

540 1656 618 1708 tum
638 1632 733 1704 dedit
750 1630 890 1704 illustris
915 1634 1073 1712 blattina,
1100 1628 1269 1713 Dmoudr
1301 1628 1569 1728 liv-:rgtPropofi
1589 1651 1650 1702 rx.
1668 1646 1743 1726 cap.
1759 1643 1904 1704 cml.

541 1741 631 1806 Para
653 1783 661 1798 .
680 1752 788 1803 vrrr.
836 1734 922 1804 Non
943 1723 1037 1801 suffe
1062 1749 1179 1799 autem
1199 1728 1297 1800 illam
1317 1713 1522 1826 Judaerlrum
1544 1719 1742 1824 descriptis
1767 1722 1906 1802 Mosai-

542 1830 591 1902 cis
620 1752 821 1898 durentiam
851 1843 975 1897 vanarn
1004 1823 1179 1923 quandam
1198 1817 1390 1921 cassamque
1422 1824 1554 1896 ratione
1575 1821 1808 1920 opinionem,
1837 1817 1905 1923 ipse

542 1924 721 2000 Dominus¹
739 1917 859 2024 Jesus,
887 1917 1076 2018 omnesque
1091 1917 1360 2019 propemodum
1385 1921 1486 1992 Novi
1508 1917 1722 1992 Testamenti
1745 1921 1906 2020 Scripto-

540 2045 618 2103 res,
647 2016 816 2117 frequenti
838 2039 993 2091 veterum
1011 2014 1230 2092 historiarum
1254 2019 1291 2090 in
1310 2015 1539 2115 allegoricum
1562 2010 1696 2089 sensum
1712 2016 1905 2118 allegatio·

541 2135 833 2288 sternunt
847 2108 1907 2288 sensurus>uenturum

541 2305 698 2386 Ecclestae
719 2236 788 2382 suqae
816 2237 1050 2390 ciconiarii&
1080 2309 1241 2382 euntibus
1263 2308 1383 2380 ordine
1416 2307 1517 2390 fatis,
1544 2256 1755 2407 disposuit:
1769 2303 1908 2412 sapien·

541 2409 601 2481 tiae
615 2403 682 2478 suae
696 2401 841 2480 credidit
860 2399 925 2477 else
948 2400 1234 2486 consentaneam,
1263 2429 1302 2476 ea
1314 2406 1446 2477 ratione
1462 2429 1517 2477 res
1535 2405 1713 2504 digerere,
1741 2427 1808 2490 ut,
1828 2430 1907 2508 quae

544 2499 661 2605 priscae
684 2499 838 2577 Ecclesrae
860 2523 961 2576 aetate
981 2501 1127 2576 saturus
1140 2515 1182 2577 'ac
1198 2500 1348 2576 diturus
1368 2498 1470 2584 esset,
1497 2503 1607 2575 veluti
1625 2503 1802 2578 concinna
1821 2507 1907 2580 ima·

543 2606 625 2702 gine
645 2621 750 2699 atque
769 2593 1000 2692 emblempte,
1027 2600 1227 2678 recentioris
1248 2601 1453 2674 oeconomiae
1466 2597 1587 2674 statum
1610 2625 1627 2673 r
1671 2595 1907 2678 raesentarent.

545 2706 598 2772 lta
615 2699 706 2769 enim
719 2720 763 2769 ex
779 2719 1008 2793 utrorumque
1025 2694 1210 2771 collatione
1226 2696 1420 2770 mirabilem
1431 2700 1467 2768 in
1478 2696 1653 2769 modume
1667 2693 1803 2772 ucescit
1815 2697 1907 2773 mul·

545 2795 698 2868 tisormis
713 2793 774 2874 illa
792 2794 859 2864 Dei
887 2787 1261 2890 sapientiasecundum
1294 2793 1520 2892 praestitutum
1547 2815 1732 2870 eternum.
1787 2800 1906 2898 Atque

544 2890 632 2966 hanc
660 2885 755 2962 suam
778 2883 840 2961 esse
869 2911 1042 2972 mentem,
1066 2889 1257 2988 antiquitus
1283 2916 1345 2988 per
1369 2887 1559 2990 Prophetae
1577 2889 1721 2974 innuit,
1759 2891 1907 2992 quarrdo

542 3013 617 3068 res,
641 2982 702 3058 sub
722 2988 821 3059 Novi
842 2985 1051 3063 Testamenti
1071 2988 1265 3061 oeconomia
1282 2998 1478 3067 eventuras,
1506 2988 1549 3059 iis
1568 2991 1829 3087 praenunciavit
1853 2990 1907 3066 lo·

544 3084 676 3182 quendi
696 3082 878 3165 formulis,
906 3108 987 3181 quae
1005 3084 1047 3157 ab
1066 3072 1308 3183 antiquissimis
1323 3110 1394 3158 non
1408 3084 1568 3160 institutis
1587 3086 1695 3158 modo
1718 3082 1793 3161 suis
1810 3135 1825 3174 ,
1852 3083 1909 3163 sed

544 3185 583 3256 &
608 3179 709 3254 rebus
729 3206 748 3250 a
765 3175 797 3252 se
817 3181 975 3279 praeclare
993 3181 1125 3296 gestis,
1154 3178 1320 3255 desumtae
1339 3178 1427 3257 sunt.
1477 3181 1547 3255 sed
1556 3182 1716 3257 omnium
1737 3183 1910 3284 apertilsr·

545 3303 604 3353 me
629 3277 668 3353 id
691 3277 879 3351 declardvit
895 3302 957 3378 per
972 3280 1101 3353 Frlium
1121 3275 1247 3362 suum,
1276 3276 1438 3376 illiusque
1466 3278 1679 3382 Apostolos,
1702 3279 1909 3358 incredibili

546 3397 617 3449 arte
638 3372 798 3475 mysticos
821 3370 1023 3475 significatus
1045 3401 1090 3450 ex
1111 3375 1252 3450 vetustis
1278 3377 1413 3478 legions
1433 3379 1470 3450 δι
1492 3375 1641 3450 historiis
1668 3377 1907 3456 eruderantes.

544 3472 721 3572 Imprimis
735 3473 866 3549 l'aulus
888 3472 990 3547 isthac
1014 3473 1180 3546 excelluit
1204 3468 1388 3573 sapientis:
1414 3474 1513 3566 quod
1532 3476 1706 3574 pleraeque
1725 3478 1809 3568 ejus
1838 3478 1908 3552 tlt·

546 3592 646 3645 mam
666 3567 840 3739 Epistolae.
890 3569 1061 3643 Substtatl
1087 3571 1194 3669 igitur
1214 3570 1569 3672 argumentationibus
1592 3555 1660 3648 suis
1689 3567 1908 3672 hypothes,

544 3667 598 3738 uti
623 3667 659 3737 in
705 3670 842 3745 everi,
863 3665 911 3735 ita
931 3666 969 3738 δι
992 3664 1035 3738 ab
1058 3663 1256 3742 advorsariis
1276 3663 1447 3750 concessa,
1474 3670 1518 3742 de
1540 3695 1662 3745 arcano
1687 3671 1727 3742 ssc
1757 3672 1909 3772 mystico

545 3765 796 3861 scripturarum
817 3755 935 3844 sensu,
961 3763 1142 3860 mysticum
1164 3766 1266 3840 illurn
1279 3760 1411 3838 sensum
1422 3762 1465 3840 fic
1482 3764 1664 3866 exposuit,
1691 3787 1732 3840 ut
1748 3769 1847 3844 nihil
1860 3765 1910 3844 fi·

545 3860 719 3959 pientius,
748 3854 835 3930 nihil
856 3853 1061 3943 sublimius,
1087 3860 1174 3936 nihil
1203 3860 1306 3936 rebus
1328 3887 1416 3978 quas
1434 3865 1523 3937 inter
1552 3860 1587 3938 se
1612 3864 1795 3940 contendit
1824 3893 1912 3942 con·

546 3958 746 4054 gruentius‚
775 3953 862 4027 nihil
883 3959 949 4029 toti
970 3959 1218 4059 scripturarum
1235 3980 1349 4034 tenori
1368 3962 1654 4049 convenientius,
1681 3961 1753 4035 dici
1772 3989 1910 4064 potue·

548 4052 606 4124 rit.
656 4063 774 4149 Atque
792 4053 828 4124 in
850 4051 911 4129 hac
933 4057 1162 4132 concinnitate
1183 4052 1376 4159 allegoricae
1404 4059 1645 4156 explicationis
1667 4058 1767 4137 illius
1795 4057 1912 4140 consr-

549 4143 607 4222 stit
633 4147 888 4226 demonstratio.

363 4237 543 4394 2232?
646 4249 769 4321 XXV.
796 4252 1031 4349 Anquiramus
1053 4272 1173 4336 nunc,
1207 4249 1369 4426 ‹puaenim
1390 4280 1471 4329 nuo
1503 4253 1563 4331 isla
1592 4261 1810 4339 Possunt,
1839 4249 1911 4333 five

368 4396 431 4467 [une
447 4341 764 4466 majl‘estamenta
786 4342 871 4429 srnt,
898 4374 979 4445 quae
1005 4373 1084 4423 cunr
1108 4354 1201 4452 typis
1230 4354 1283 4425 uis
1305 4350 1348 4427 ab
1366 4352 1534 4453 Apostolo
1552 4350 1610 4428 hic
1631 4352 1909 4432 contenduntur·

371 4443 623 4611 r„gp„„,0„ui
640 4442 832 4525 existimant
852 4439 933 4519 libi·
950 4446 1103 4526 invicem
1130 4450 1266 4554 opponi
1290 4456 1445 4530 Foebus
1466 4475 1651 4547 orrnurt,
1684 4456 1724 4532 δι
1739 4465 1907 4531 'tonnus

371 4563 408 4613 α’
454 4565 541 4611 ratrae.
599 4561 615 4590 '·'
1078 4585 1080 4589 ·
1432 4573 1435 4578 ·
1799 4573 1911 4631 qu.
