4667 5442
567 487 662 634 328
814 431 986 592 lixa
1026 522 1060 589 a
1098 521 1130 589 c
1168 522 1188 587 1
1225 420 1331 586 ra
1369 517 1401 586 τ
1441 504 1533 587 ro
1605 485 1726 586 XIII.

564 665 628 741 elle
649 663 784 764 colligit
807 655 984 744 Hormus,
1014 688 1058 735 ex
1078 664 1218 736 nomine
1238 665 1275 734 &
1295 688 1339 736 ex
1361 660 1509 735 historia.
1562 668 1703 734 Nomen
1721 655 1821 758 quod
1842 660 1923 731 atti·

566 784 647 847 net,
678 768 772 859 Meyr
790 756 894 859 ipsius
913 762 947 832 in
972 783 1095 857 genere
1126 763 1326 858 peregrinus
1353 759 1510 854 dicitur,
1539 759 1727 840 barbatus,
1763 754 1919 828 vellitus.

565 867 697 935 Humau
713 886 758 942 ex
773 883 857 930 voce
877 856 1014 948 Thomas
1029 852 1222 955 expressum
1236 852 1310 927 stilo
1329 859 1364 926 T
1380 854 1523 944 abjetio.
1547 911 1549 916 >
1576 856 1794 927 Terminatio
1813 853 1847 927 in
1865 853 1919 923 di-

540 953 667 1030 iversts
690 923 826 1053 stnguis
847 953 1053 1051 plerumque
1073 954 1208 1025 variat:
1244 947 1326 1023 sicut
1350 959 1492 1037 duritie
1511 957 1550 1026 δε
1579 946 1707 1025 Ulilles
1730 999 1741 1034 ,
1771 950 1855 1040 Aias
1882 950 1919 1021 du

567 1058 668 1143 Aiax.
717 1051 871 1125 Historia
901 1072 1063 1147 magnam
1083 1047 1206 1121 lucem‘
1234 1048 1314 1122 huic
1334 1053 1518 1121 narrationi
1540 1048 1663 1120 adfert.
1715 1053 1806 1137 Qiae
1826 1047 1920 1117 enim

568 1148 742 1242 Brafiliani
761 1148 805 1219 de
826 1153 940 1241 Meyre
958 1153 1107 1219 Humane
1128 1199 1139 1226 ,
1171 1144 1292 1216 eadem
1315 1146 1495 1217 orientales
1524 1149 1598 1219 Indi
1615 1141 1804 1217 Masabares
1821 1142 1866 1214 de
1885 1148 1918 1214 S.

571 1247 695 1324 noma
714 1265 868 1317 narrant.¹
913 1243 1070 1315 Lerius:
1106 1263 1180 1314 arete
1197 1239 1443 1314 inenarrabiles
1462 1242 1553 1315 lunas
1579 1237 1696 1331 venisse
1719 1246 1762 1313 ud
1783 1240 1919 1333 majores

561 1345 635 1436 suos
656 1347 763 1416 uirum
793 1337 962 1412 barbatum
983 1341 1028 1413 <a
1045 1336 1213 1419 vellitren,
1234 1340 1294 1434 qui
1307 1335 1404 1424 fidem
1417 1343 1454 1411 in
1475 1346 1584 1414 Deum
1611 1341 1809 1420 tradiderit,
1838 1360 1921 1410 mon

568 1441 819 1522 christianorum.
870 1434 981 1507 Addit
1000 1433 1168 1506 stadius:
1192 1437 1278 1505 edita
1296 1433 1340 1505 ab
1361 1459 1397 1505 eo
1419 1434 1522 1507 multa
1538 1434 1718 1515 nriracula,
1741 1458 1922 1531 moremque

566 1537 695 1623 tonsura
711 1557 773 1632 quo
791 1549 922 1604 uratur
943 1534 1084 1627 primum
1114 1528 1281 1621 osteudiffia
1333 1534 1449 1618 Quare
1476 1551 1588 1628 quum
1618 1532 1655 1601 &
1686 1555 1848 1611 nomen,
1886 1532 1920 1603 δι

572 1631 673 1733 quod
692 1649 827 1703 narrant
846 1626 986 1699 Barbari
1011 1673 1023 1709 ‚
1055 1622 1079 1698 sr
1102 1622 1275 1698 tonsuram
1301 1628 1488 1724 excipias,
1516 1627 1669 1699 Thomae
1700 1628 1917 1708 conveniant,

569 1754 641 1803 non
663 1730 802 1825 ignotus
822 1720 900 1821 ipsrs
919 1722 1058 1795 videtur
1084 1717 1193 1795 suille.
1244 1729 1299 1794 De
1322 1720 1391 1794 hoc
1418 1724 1616 1821 quaeritur:
1642 1726 1819 1796 veneritne
1841 1724 1917 1798 liro·

571 1849 639 1898 maa
657 1826 692 1895 in
713 1827 963 1902 Auaricum,
989 1820 1029 1892 δι
1047 1818 1098 1890 ibi
1118 1818 1312 1915 praedicarit
1328 1844 1342 1905 3
1377 1844 1420 1892 an
1445 1846 1489 1893 ex
1508 1821 1646 1894 Tataria
1664 1822 1737 1911 ejus
1759 1823 1920 1892 notitiam

570 1920 750 1994 intulerint
766 1917 836 2018 illae
852 1936 974 2013 gentes
997 1941 1008 1986 ε
1036 1938 1188 2013 quorum
1207 1919 1306 2013 prius
1326 1919 1426 1990 Lerio
1444 1917 1633 2015 probatur,
1660 1920 1736 2013 quia
1749 1920 1785 1989 in
1802 1942 1919 1990 omnem

571 2037 692 2093 terram
711 2016 817 2105 exivit
834 2019 928 2103 sainna
940 2009 1159 2104 Apostolorum
1180 2040 1191 2085 ι
1216 2012 1321 2085 altera
1336 2036 1450 2085 tamen
1470 2009 1635 2087 sententia
1654 2018 1782 2087 Homio
1801 2015 1921 2087 certior

571 2113 630 2188 est.
682 2117 777 2186 Nam
802 2111 910 2182 multa
927 2108 1057 2180 indicio
1080 2105 1187 2193 sunt,
1217 2109 1408 2201 Brafilianos
1430 2133 1450 2181 a
1472 2108 1603 2185 Tataris
1623 2133 1732 2183 ortos.
1754 2187 1760 2197 ,
1786 2110 1919 2182 Deinde

568 2209 713 2289 constat,
741 2204 919 2279 ‘rhomam
931 2208 967 2277 in
987 2207 1142 2286 Taenia,
1172 2210 1261 2289 Sinti,
1292 2211 1396 2290 India,
1423 2204 1917 2306 Evangeliumpraedieasse,&

569 2307 619 2381 ibi
643 2299 803 2381 occisum.
851 2301 965 2376 Nulla
981 2327 1066 2375 vero
1083 2303 1160 2393 ejus
1175 2304 1214 2375 in
1230 2309 1410 2378 American
1425 2303 1649 2403 prosedionis
1668 2308 1704 2376 &
1722 2305 1857 2377 reditus
1868 2316 1919 2377 ar'·

568 2424 745 2503 gumenta.
800 2398 905 2477 Unde
927 2401 1000 2490 ejus
1029 2423 1074 2474 ex
1100 2400 1235 2473 Tataria
1258 2403 1464 2472 memoriam
1485 2401 1617 2473 illatam
1639 2423 1770 2497 putat,
1800 2400 1859 2473 vel
1882 2400 1921 2473 ab

572 2498 651 2600 ipsis
675 2496 877 2587 Br-rfilianie,
902 2496 960 2569 vel
980 2498 1023 2569 iis
1037 2494 1130 2567 unde
1141 2492 1210 2568 hoc
1227 2519 1430 2595 aeceperunt
1444 2523 1493 2593 po
1520 2498 1600 2571 ulis.
1652 2499 1741 2572 Utra
1751 2523 1837 2572 vero
1851 2496 1922 2570 sen·

570 2599 678 2671 tentia
695 2591 839 2668 firmiori
854 2594 931 2664 talo>
945 2592 1038 2674 stet,
1066 2617 1109 2664 an
1132 2589 1208 2664 haec
1225 2595 1352 2666 Hornii
1375 2641 1388 2676 ‚
1415 2619 1458 2665 an
1481 2523 1541 2667 ilia
1561 2597 1656 2667 Lerii
1677 2640 1688 2677 ,
1716 2594 1763 2666 ad
1780 2590 1922 2668 caussam

572 2690 721 2768 nostram
740 2713 864 2785 parum
880 2691 1032 2776 attinet3
1068 2688 1179 2760 modo
1199 2688 1237 2760 id
1260 2687 1450 2776 habeatur,
1473 2716 1535 2789 per
1556 2695 1591 2764 S.
1619 2689 1832 2776 Thomam‚
1861 2688 1922 2764 srve

571 2788 756 2955 prpprime,
781 2778 850 2855 five
869 2786 1064 2860 interventu
1086 2784 1260 2869 aliorum,
1284 2788 1512 2886 praedicatum
1531 2785 1925 2867 Americanaessefivan·

572 2906 619 2983 ge
635 2907 720 2953 rum.

391 2957 488 3067 ΝΠ.
503 2986 554 3048 Re»
672 2980 793 3051 xvu.
821 2981 869 3049 At
887 2976 1039 3049 multum
1065 2998 1107 3047 ea
1135 2978 1277 3055 traditio
1305 2975 1459 3055 firmatur
1486 2981 1625 3080 prolixa
1654 2977 1828 3074 eiusmodi
1858 3008 1923 3059 ram

393 3162 500 3203 terram

398 3217 530 3300 Christia-

396 3298 477 3367 nismi
495 3299 525 3356 in

397 3374 531 3437 Ameria.

395 3067 552 3162 ΜΡ·
575 3076 732 3157 rituum,
758 3099 865 3172 quam
882 3075 1086 3172 opinionum
1103 3078 1340 3165 enarratione3
1363 3102 1467 3247 epure,
1501 3080 1675 3153 evidentes
1705 3075 1788 3154 satis
1803 3084 1924 3155 vereris

578 3175 628 3248 ibi
645 3166 893 3245 Christianismi
924 3171 1115 3265 reliquiae,
1141 3197 1161 3244 a
1190 3173 1370 3247 recemiori
1393 3198 1437 3249 us
1456 3180 1571 3259 novi,
1600 3200 1640 3250 ut
1660 3200 1808 3261 vocant,
1837 3178 1924 3254 orbis

578 3268 808 3346 deteeoribus
828 3292 865 3340 re
892 3289 972 3341 ertae
991 3266 1079 3342 sunt.
1126 3268 1312 3345 Testantur
1325 3271 1408 3354 illi,
1433 3276 1499 3371 qui
1518 3298 1570 3346 res
1595 3274 1702 3347 India
1721 3270 1860 3351 summa
1872 3301 1925 3351 eu·

577 3394 615 3443 ra
633 3392 670 3440 ae
689 3361 757 3437 lide
775 3391 843 3440 eon
857 3386 1045 3462 ignarum,
1071 3368 1198 3463 partim
1219 3367 1324 3442 etiam
1346 3365 1410 3468 ipsr
1428 3370 1540 3442 oculis
1565 3367 1633 3442 suis
1651 3370 1848 3458 lustrarunt,
1860 3398 1925 3448 non

515 3505 522 3510 ·
577 3463 719 3538 obscura
738 3460 849 3573 adhue
866 3463 940 3535 veri
953 3462 1070 3534 cultus
1081 3463 1217 3573 ‘indicia
1234 3466 1328 3562 apud
1346 3465 1514 3539 Barbaros
1525 3462 1703 3551 exstit'sse,
1731 3490 1809 3543 tum
1820 3494 1925 3570 quum

580 3556 768 3639 columbus,
791 3558 921 3656 alrrque
938 3554 1090 3630 Lusitani
1110 3582 1169 3631 aut
1189 3562 1356 3658 Hispani,
1383 3586 1426 3633 eo
1446 3496 1670 3662 appelleredt.
1723 3566 1849 3641 Refert
1869 3577 1926 3643 Pe·

502 3747 508 3756 ·
578 3676 648 3731 ”us
672 3659 824 3823 Mill}
837 3653 1058 3825 illua
1071 3654 1276 3827 ‘''rs'lsll
1291 3658 1571 3829 wls
1591 3664 1725 3833 '‘s‘''f'
1736 3716 1748 3745 ’
1774 3658 1926 3777 s²“¹‘¹⁰·”

545 3843 547 3850 ’
579 3773 823 3961 {islo‘iupiueros
840 3843 1042 3945 puellasque
1060 3796 1097 3918 i’n
1116 3776 1257 3948 templis
1277 3873 1368 3949 aqua
1391 3780 1592 3926 limemciiii
1604 3783 1926 3934 cudrnedtedddldnsd·

579 3969 640 4045 per
661 3948 781 4037 rnjesta
802 3942 976 4040 baptizare
992 3938 1084 4016 visos
1097 3939 1204 4020 fuisse.
1254 3942 1477 4023 Saetosandae
1489 3951 1594 4023 etiam
1612 3956 1732 4027 Coenae
1745 3954 1926 4030 adumbra-

578 4043 714 4124 tiones,
742 4041 801 4113 alii
820 4037 879 4113 fibi
901 4037 1153 4138 deprehendere
1186 4040 1247 4117 visi
1265 4042 1364 4132 sunt3
1388 4048 1463 4119 imo
1483 4049 1520 4119 &
1540 4049 1724 4123 adorandae
1745 4054 1923 4126 Trinitatis

580 4137 742 4237 quaedam
763 4137 983 4211 rudimenta:
1010 4132 1170 4235 quaefitos
1187 4163 1327 4226 autem,
1352 4142 1445 4215 unde
1454 4141 1527 4218 haee
1544 4141 1738 4244 smiliaque
1747 4146 1925 4233 haberent,

578 4228 807 4334 respondisse,
847 4232 1023 4329 trausniffe
1050 4236 1217 4334 aliquando
1238 4243 1345 4313 aiaton
1370 4236 1500 4333 firmofi
1520 4266 1616 4315 rmum
1632 4264 1693 4341 per
1709 4270 1762 4320 eos
1785 4248 1928 4335 naun,

579 4336 637 4434 qui
659 4356 698 4405 ea
715 4331 788 4430 ipsis
809 4330 983 4428 reliquerit.
1030 4332 1199 4430 johannes
1217 4339 1332 4411 Mau
1350 4336 1393 4409 de
1415 4344 1485 4412 Bra
1508 4336 1651 4427 limfibur
1663 4338 1816 4427 testatur,
1833 4340 1929 4444 quod

579 4430 774 4507 animarum
801 4429 1055 4505 immortalitati
1087 4430 1348 4531 adstipulantur.
1405 4434 1677 4527 Refertetianr,
1698 4436 1738 4532 fe
1760 4440 1930 4541 aliquaue

1794 4535 1949 4638 essem·
