4667 5442
277 4556 287 4572 ,
409 4499 578 4564 m'a'liu

600 506 694 615 272
854 491 1567 586 Exrucrrnrro
1620 489 1725 588 ΧΗ.

411 668 565 750 sanguineis
597 659 819 734 Domitianus
837 655 1078 752 interrogavit,
1106 675 1249 750 quantas
1266 648 1528 766 possessiones,
1545 673 1764 751 quantumve
1792 647 1941 824 pecunie

418 748 563 842 ,poemi-
597 758 771 831 haberent.
823 753 879 826 Illi
898 777 980 825 vero
1000 777 1126 824 novem
1143 753 1388 822 tantummodo
1414 752 1632 823 denarrorum
1649 749 1768 821 millia
1806 749 1858 822 rbi
1875 771 1944 820 em·

417 844 523 918 ,nanum
553 843 576 876 ‘'
596 857 709 928 bobus
725 849 901 949 suppetere
921 848 1103 920 dixerunt:
1132 841 1255 944 easque
1272 845 1449 920 facultates
1468 871 1581 944 nequa
1608 870 1691 917 uam
1709 839 1746 916 se
1769 847 1811 919 in
1831 868 1945 944 arger-

419 913 634 1052 illuffzfto
654 950 796 1030 habere,
823 942 936 1019 sedin
958 943 1177 1016 aestimatione
1204 967 1394 1054 agrorum,
1423 969 1550 1016 novem
1579 871 1708 1016 scilicet
1736 944 1780 1014 &
1809 945 1944 1040 triginta

456 1006 476 1064 g
507 1000 541 1063 pp
595 1047 660 1124 soli
678 1049 860 1144 jugerum:
900 1067 944 1115 ex
966 1065 1116 1137 quorum
1139 1040 1301 1112 fructibus
1324 1043 1361 1112 &
1377 1041 1504 1113 tributa
1533 1035 1802 1138 persolverent,
1830 1041 1872 1112 &
1892 1033 1945 1110 srbi

595 1141 674 1244 ipsis
695 1169 762 1214 non
784 1137 849 1213 sme
869 1141 1009 1238 proprio
1030 1138 1145 1210 labore
1168 1138 1296 1209 vielum
1314 1161 1570 1236 compararent3
1595 1133 1697 1233 quod
1715 1129 1892 1236 impresso
1902 1133 1945 1206 tl·

597 1265 631 1316 te
655 1239 811 1313 manibus
835 1238 923 1309 callo
946 1260 1065 1306 verum
1084 1229 1146 1304 elle
1170 1232 1383 1332 arguebatur.
1435 1230 1583 1307 Eosdem
1607 1231 1711 1305 nobis
1731 1257 1778 1304 ut
1800 1233 1944 1307 eximios

596 1337 888 1429 Hierosolymitnnn
910 1327 1096 1412 Ecclesiae,
1124 1356 1203 1427 quae
1228 1330 1398 1428 profunda
1416 1355 1498 1427 pace
1536 1324 1650 1428 gavisa
1671 1324 1737 1410 stt,
1766 1329 1943 1430 preestites,

595 1441 633 1511 δι
650 1436 693 1507 ad
711 1436 898 1522 Traianum
917 1425 1023 1526 usque
1042 1425 1256 1538 superstites,
1283 1426 1376 1498 idem
1388 1423 1606 1538 tepraesentat
1629 1421 1862 1527 Hegefippus
1872 1433 1942 1524 cn.

594 1556 687 1701 {32¹
698 1521 1219 1716 li.1⁶.ii{“{⁰i2.iii¹yl¹iliil
1221 1548 1536 1717 lllssi‘sslfill
1539 1521 1946 1695 lllllsffllsslll

595 1725 697 1799 suerit
717 1724 818 1796 etiam
839 1720 946 1793 isthoc
967 1742 1122 1814 tempore
1142 1715 1289 1788 Davidis
1307 1717 1517 1814 posteritas,
1545 1741 1590 1789 ex
1609 1740 1681 1813 qua
1700 1715 1770 1790 alii
1794 1719 1945 1794 Aethusa·

596 1822 769 1900 lotarchn,
793 1819 852 1890 alii
882 1819 1042 1912 Principes
1061 1814 1197 1885 suerint.
1248 1813 1593 1895 Aechmalotarchae,
1621 1813 1687 1910 qui
1710 1839 1732 1886 a
1752 1811 1944 1890 masculino

595 1914 703 2002 sexu,
730 1917 921 2011 Principes,
948 1915 1010 2010 qui
1032 1936 1051 1982 n
1073 1910 1252 1985 foeminino
1271 1910 1486 2007 posterorum
1511 1908 1627 1983 David
1645 1916 1823 2010 prognati
1844 1933 1945 1988 eruut.

596 2015 679 2088 Veri
693 2015 794 2086 etiam
807 2010 930 2110 posteri
949 2008 1084 2089 David,
1113 2031 1214 2080 nona
1227 2007 1317 2106 Juds
1335 2008 1433 2080 fratre
1447 2008 1615 2088 Domini,
1643 2008 1708 2104 qui
1717 2009 1852 2084 nullus
1872 2009 1944 2093 fuit,

595 2114 751 2207 &quem
774 2105 957 2181 somniavit
987 2111 1042 2178 He
1070 2100 1202 2202 esrppus
1222 2129 1232 2188 3
1260 2100 1319 2175 sed
1346 2103 1548 2177 aSalathiel
1570 2127 1681 2201 genus
1704 2105 1942 2182 deduxerint:

593 2209 685 2280 unde
702 2206 900 2285 concludit,
931 2128 1164 2300 Hegesippum
1186 2200 1340 2273 illumin
1361 2199 1431 2274 istis
1445 2200 1589 2299 posteris
1611 2199 1733 2274 David
1758 2203 1881 2278 nihilo
1894 2229 1947 2276 ve·

594 2308 760 2380 taciotem
787 2297 913 2384 fuisse,
953 2325 1058 2397 quam
1079 2302 1115 2373 itt
1142 2297 1293 2397 passione
1323 2298 1474 2396 Jacobi,
1503 2297 1611 2371 fratris
1641 2301 1817 2374 Domini.
1870 2301 1946 2376 vid.

596 2403 707 2495 scalig.
718 2399 937 2483 Animadeets
950 2402 990 2471 ad
1005 2399 1119 2470 aron.
1138 2391 1250 2482 unes.
1262 2414 1294 2488 p.
1308 2419 1390 2470 201.
1419 2389 1542 2495 Hegest
1567 2419 1653 2492 pum
1675 2417 1804 2472 tamen
1824 2401 1865 2474 δι
1882 2403 1946 2472 Eu·

594 2496 727 2574 sebium
745 2519 860 2571 tuetur
875 2498 910 2569 in
932 2490 1223 2568 Annotationibus
1236 2485 1304 2601 suis
1317 2497 1472 2566 Henricru
1493 2421 1652 2582 Valefine,
1675 2503 1945 2594 putatquesce·

593 2595 741 2690 ligerum
758 2595 866 2666 nimio
887 2587 1156 2690 reprehendendi
1175 2585 1287 2662 studio
1305 2589 1485 2687 abreptum
1503 2590 1629 2664 merito
1648 2592 1687 2663 in
1707 2589 1944 2704 reprehensio·

594 2716 672 2763 nem
698 2687 886 2763 incurrisse:
911 2714 1022 2786 quum
1039 2709 1152 2786 neque
1168 2681 1292 2783 Hegesr
1319 2711 1384 2783 pus
1404 2687 1637 2784 posteritatem
1658 2688 1847 2766 Davrdad
1860 2691 1942 2764 duos

490 2849 499 2858 .
593 2807 727 2859 tantum
745 2784 902 2857 homines
919 2809 1000 2858 tunc
1020 2777 1083 2856 esse
1101 2783 1269 2855 redactam
1286 2712 1399 2870 (licat,
1425 2783 1573 2886 &Judae
1584 2783 1695 2857 fratris
1708 2791 1868 2864 Domini
1877 2811 1938 2862 nou

591 2882 783 2978 Epiphanius
800 2878 913 2955 solum
934 2883 1155 2961 meminerit,
1184 2879 1301 2970 Heres.
1323 2906 1438 2956 uxxvr
1451 2908 1461 2956 t
1474 2906 1506 2957 1.
1517 2876 1577 2953 sed
1589 2882 1840 2960 &Metthaeus
1854 2891 1935 2986 Cep.

591 2997 774 3069 x111255.
793 2981 830 3050 &
848 2982 987 3050 Marcus
1008 2983 1096 3075 Cap.
1113 3001 1172 3049 v1:
1187 2998 1220 3068 3.

414 3097 558 3160 vicm-
688 3081 750 3151 Vl.
776 3080 908 3148 Verum
925 3073 1068 3150 ulterius
1088 3072 1309 3172 progreditur
1328 3073 1524 3161 Eusebius,
1552 3075 1757 3178 catalogum
1777 3077 1938 3158 exhibent
1981 3103 1983 3116 ·

412 3177 486 3252 ‘⁰8¹¹‘
505 3173 566 3250 Ell-
594 3171 991 3269 fflecosolymiranornmle'
1010 3171 1199 3266 tscoporum,
1223 3175 1285 3268 qui
1302 3175 1372 3265 jam
1392 3175 1472 3246 inde
1492 3175 1535 3247 ab
1562 3175 1825 3272 Apostolorum
1846 3199 1936 3252 aetete

406 3251 543 3326 ΝΜ
589 3272 634 3344 ad
654 3271 751 3344 illam
772 3266 880 3368 usque
899 3191 1112 3343 obficllonem
1124 3265 1388 3368 permanserint,
1416 3296 1484 3369 qua
1501 3273 1613 3369 Judaei
1631 3274 1763 3346 iterum
1776 3303 1798 3350 a
1812 3281 1935 3350 Roma-

412 3327 565 3480 filim
591 3371 643 3442 nis
662 3364 881 3450 deficientes,
909 3368 1070 3440 maximis
1086 3367 1218 3466 ptaeliis
1230 3367 1357 3442 domiti
1378 3392 1482 3467 atque
1502 3371 1690 3466 expugnati
1707 3363 1820 3460 sunt3
1847 3371 1884 3448 id
1895 3367 1935 3446 el

413 3482 525 3539 misane.
590 3463 697 3562 usque
716 3468 759 3537 acl
775 3488 932 3560 tempora
953 3468 1123 3536 Hadriani.
1173 3469 1243 3536 Eos
1263 3462 1331 3537 hoc
1362 3468 1482 3538 ordine
1501 3466 1661 3540 recenset.
1713 3471 1860 3544 Primus
1877 3469 1934 3544 suit

589 3560 733 3656 Jacobut
743 3564 804 3657 qui
816 3561 962 3632 Domini
974 3559 1073 3632 frater
1082 3561 1286 3635 vocabatur:
1315 3558 1479 3637 secundus
1491 3568 1623 3643 Simeon,
1634 3563 1759 3660 Cleopa
1768 3563 1934 3666 filiusqoi

589 3681 697 3730 armos
709 3679 845 3729 centum
858 3659 895 3728 &
906 3658 1029 3755 viginti
1040 3678 1158 3739 natus,
1187 3661 1389 3756 martyrium
1399 3655 1550 3742 subierit,
1563 3657 1624 3734 sub
1635 3663 1841 3762 principatu
1853 3671 1934 3740 Tn-

587 3754 667 3846 jani,
719 3757 815 3825 Tum
833 3751 968 3848 Julius,
988 3754 1172 3834 Zacclrnnr,
1199 3751 1331 3835 Tobiae,
1358 3758 1535 3850 Benjnmt'n,
1554 3761 1744 3850 Jobnmet,
1764 3763 1934 3842 Matthia,

588 3851 774 3948 Philippus,
799 3857 933 3930 Seneca.
954 3848 1092 3940 jessen,
1115 3854 1199 3924 Levi
1206 3904 1216 3930 ,
1234 3853 1376 3943 Ephres,
1391 3854 1533 3950 Jostph,
1558 3855 1718 3927 omnium
1726 3857 1931 3955 postremum

587 3953 718 4041 findas,
746 3946 866 4028 ordine
884 3947 1205 4044 quintusdecimus.
1231 3946 1304 4022 Lib.
1326 3973 1379 4024 Iu.
1402 3959 1478 4047 Cap.
1502 3975 1537 4024 v.
1591 3953 1658 4024 His
1677 3951 1932 4036 animadversis,

588 4048 712 4117 metito
729 4045 837 4142 quaeri
854 4043 981 4141 polilt,
1009 4068 1119 4143 quum
1133 4040 1383 4144 Episcoporum
1395 4045 1547 4122 Ecclestae
1559 4046 1860 4144 Hierosohmitanae
1876 4075 1933 4126 no·

587 4144 681 4215 mina
708 4166 825 4223 certa,
865 4144 1085 4213 &continua
1111 4138 1266 4216 succeffio
1294 4142 1453 4217 hellenus
1474 4149 1652 4219 memoriae
1673 4146 1820 4243 prodita
1854 4145 1932 4230 slot,

588 4239 648 4310 ubi
673 4239 773 4312 suerit
796 4235 938 4311 Ecclesia
962 4236 1022 4310 ista
1037 4238 1330 4334 Hierosolymitana.

411 4349 476 4442 llll
493 4343 569 4428 Qu
685 4342 765 4409 Vll.
794 4341 958 4407 Veterum
1006 4335 1167 4432 lerique,
1196 4360 1236 4408 ut
1257 4335 1451 4408 difficultati
1471 4337 1522 4410 isti
1535 4360 1770 4424 occurrerent,
1799 4365 1935 4418 nontu-

410 4445 527 4482 ’’’’’’
587 4459 658 4510 tam
687 4433 836 4507 dirutam
865 4455 923 4506 sut
948 4361 1024 4504 solo
1043 4455 1215 4532 aequatam
1233 4429 1296 4508 elle
1315 4433 1464 4520 urbem,
1499 4431 1559 4508 sed
1587 4435 1775 4512 dimidiam
1804 4433 1934 4616 piperem

1839 4559 1935 4640 uper·
