4667 5442
423 531 425 535 ·
564 496 658 597 118
819 489 1532 579 Exr‘ncrrnrro
1602 485 1663 577 V.

559 653 639 724 Sina
657 647 830 721 convenit.
883 650 937 721 Sic
953 645 1121 738 Heinfiat:
1146 653 1209 724 Aa
1222 645 1251 739 fi
1268 649 1376 727 dicat,
1399 670 1466 719 oox
1481 649 1565 719 enim
1581 646 1782 742 Agar-Sina
1800 642 1915 833 γαπ·

520 757 527 769 “
556 753 632 828 aee,
657 751 711 845 qui
729 772 814 819 mom
828 742 869 830 est
884 745 1039 826 Arabia,
1064 771 1100 817 ac
1118 748 1310 841 peregrinus.
1360 748 1435 837 Qae
1452 762 1489 816 ut
1501 744 1567 816 alia
1579 764 1675 815 extra
1699 745 1821 838 promi
1842 747 1914 815 amri

556 865 678 930 terram
693 899 703 924 ‚
727 846 774 916 ita
784 843 969 934 pataron
980 840 1201 935 fflerohhma
1216 839 1396 935 respondet,
1420 864 1485 938 qua
1499 838 1617 937 &ipsa
1633 839 1699 934 legi
1710 863 1803 912 nunc
1823 837 1915 910 adha-

556 962 627 1022 ret,
650 940 782 1013 muitum
798 938 940 1037 disimilis
957 935 1065 1023 cariosi
1082 939 1147 1019 iiii,
1172 936 1259 1031 cuim
1269 932 1335 1022 fitia·
1354 963 1408 1010 nor
1421 937 1540 1025 samin.
1591 932 1735 1009 Tantum
1745 931 1863 1019 abest,
1878 953 1910 1009 tt

430 1084 434 1092 -
558 1060 614 1109 arat
628 1055 761 1110 montem
773 1034 923 1115 Arabia,
948 1040 1151 1107 nocentiam
1164 1059 1233 1105 cum
1245 1036 1320 1103 Sina
1334 1030 1427 1129 fatffie
1445 1040 1540 1128 Agar
1559 1036 1656 1106 dicat.
1708 1030 1825 1109 Adeo
1834 1057 1912 1128 per·

528 1158 531 1164 ’
560 1129 708 1232 spicuam
724 1133 1038 1231 interpretationem
1050 1156 1127 1202 eam
1143 1125 1208 1201 esse
1225 1129 1381 1204 Calvinus
1394 1130 1568 1211 credidit,
1601 1150 1642 1222 ut
1662 1129 1821 1200 miratus
1846 1128 1913 1201 frte·

561 1234 605 1302 rit
623 1255 691 1301 non
711 1230 818 1301 cuivis
833 1228 1010 1323 extemplo
1032 1228 1069 1298 in
1091 1248 1244 1298 mentem
1260 1221 1398 1299 venisse.
1450 1232 1543 1301 Nam
1559 1223 1667 1317 futilis
1683 1223 1750 1309 eli,
1781 1225 1909 1323 inquit,

561 1327 734 1414 conjeiiura
753 1330 941 1419 Hierommi
962 1377 973 1403 ‚
996 1344 1132 1397 montem
1147 1328 1225 1394 Sina
1244 1319 1432 1395 binominem
1448 1315 1570 1413 suisli,
1594 1346 1650 1394 nec
1667 1326 1780 1396 minus
1791 1320 1912 1420 puerile

561 1418 763 1515 chrysostomi
790 1440 995 1494 commentam
1016 1475 1027 1500 ‚
1058 1419 1300 1516 philosophantis
1316 1423 1351 1491 in
1367 1421 1524 1492 nominum
1545 1422 1764 1513 congruentia.
1822 1423 1911 1514 Agar

561 1524 644 1591 mim
664 1522 739 1605 Sina
761 1514 818 1607 else
839 1521 987 1598 dicitur,
1011 1522 1085 1612 quia
1102 1536 1195 1612 typm
1210 1515 1255 1607 fit
1275 1514 1330 1588 oei
1346 1510 1479 1609 figura,
1503 1519 1766 1611 quemadmodum
1790 1515 1910 1606 Pascha

561 1636 631 1688 erat
645 1611 794 1697 Christus.
844 1617 946 1686 sitam
966 1616 1064 1685 etiam
1079 1618 1192 1686 mantra
1208 1629 1268 1707 per
1284 1627 1470 1685 contemnam
1492 1614 1657 1707 exprimit.
1709 1616 1753 1685 In
1774 1608 1912 1694 Arabia

562 1716 676 1807 inquit,
689 1711 744 1784 hoc
755 1709 796 1793 eli
806 1730 901 1782 extra
911 1710 1029 1782 limites
1039 1730 1132 1782 terra
1142 1707 1265 1797 sanda,
1276 1732 1341 1806 qua
1350 1708 1521 1801 symbolum
1534 1705 1576 1791 esi
1585 1708 1914 1782 aternaehaereditatia.

563 1814 689 1880 Mirum
709 1811 742 1877 in
755 1826 822 1879 tam
832 1806 992 1896 fmniiiari
1002 1807 1211 1903 applicatione
1220 1812 1296 1877 adeo
1302 1802 1394 1896 fuiss?
1406 1798 1556 1877 erratum.
1604 1802 1672 1875 Sed
1686 1803 1786 1877 bona
1799 1806 1913 1904 magni

499 1963 516 1990 ,
563 1905 759 1998 Interpretis
774 1904 896 1983 venia,
924 1902 1052 1974 mirum
1071 1901 1117 1975 est
1131 1900 1230 2000 quod
1241 1902 1293 1973 vir
1306 1897 1530 2001 sagacissimus
1543 1909 1613 1972 no'n
1626 1899 1912 1974 animadverterit

562 2000 681 2096 ingens
699 1996 761 2071 esse
776 1995 955 2071 discrimen
970 2000 1062 2073 inter
1081 1998 1167 2070 hanc
1184 1993 1335 2095 phrasin,
1366 1996 1483 2087 Pascha
1501 1994 1542 2080 eli
1555 1993 1716 2080 Chriliur,⁸
1746 2000 1787 2069 &
1800 1998 1910 2080 istan,

563 2101 656 2189 Agar
674 2093 716 2177 eli
733 2101 837 2168 Sina.-
862 2119 935 2167 non
956 2098 1075 2178 enim,
1103 2097 1155 2166 uti
1174 2092 1330 2167 Christus
1342 2092 1391 2167 est
1414 2119 1468 2167 res
1486 2089 1666 2193 significata
1684 2118 1753 2191 per
1773 2090 1911 2177 Pascha,

564 2191 618 2263 illi
643 2187 848 2291 respondens
866 2215 907 2263 ut
926 2216 1050 2290 corpus
1065 2192 1221 2271 umbrae,
1246 2190 1291 2261 ad
1312 2191 1460 2264 eundem
1479 2190 1625 2262 modum
1643 2214 1751 2263 mons
1771 2194 1861 2266 Sina
1879 2186 1917 2265 h-

500 2324 503 2328 ·
589 2284 744 2361 nificatus
765 2287 811 2361 est
834 2313 895 2385 per
915 2293 1017 2385 Agar.
1068 2288 1136 2361 Sed
1151 2290 1231 2360 Sina
1250 2282 1460 2360 seitahabet
1478 2287 1521 2358 ad
1537 2292 1655 2384 Agar,
1683 2311 1725 2360 ut
1744 2284 1916 2365 Hieroso·
1950 2359 1952 2368 ,

563 2311 587 2457 i
605 2410 660 2455 ma
677 2384 839 2458 terrestris
858 2384 892 2455 se
915 2381 1019 2456 habet
1034 2381 1078 2457 aii
1091 2387 1195 2457 Sina:
1219 2408 1300 2480 quae
1317 2380 1447 2482 singula
1503 2384 1541 2482 pi
1558 2378 1726 2484 &figurae
1744 2387 1859 2459 unius
1870 2385 1914 2460 rei

564 2410 661 2562 tiint,
689 2506 813 2580 nempe
832 2480 969 2556 sedetis
984 2482 1119 2650 lespalis.
1172 2482 1226 2552 Sic
1246 2503 1328 2578 ergo
1347 2486 1469 2579 Agare
1515 2483 1616 2562 Sina,
1644 2476 1730 2554 sicut
1746 2505 1859 2580 aquae
1868 2483 1916 2555 di-

564 2577 651 2651 luvii
671 2578 799 2674 quibus
818 2573 967 2650 servatus
986 2604 1004 2650 e
1052 2575 1202 2658 Noach‚
1229 2573 1436 2651 &transitus
1461 2575 1737 2650 israelitarumin
1757 2580 1918 2663 nubta&

563 2698 624 2769 per
637 2699 728 2745 mare
749 2674 966 2755 Idumaeum,
993 2670 1072 2746 sunt
1088 2669 1296 2772 Baptismus.
1347 2677 1477 2747 Omnia
1489 2672 1565 2751 sunt
1578 2671 1758 2749 draitona,
1782 2669 1917 2768 ineius·

564 2769 643 2839 dem
664 2772 713 2842 rei
725 2766 907 2867 spiritualis
925 2765 1204 2869 fignificationem
1220 2767 1479 2844 consentientia.
1511 2795 1539 2845 1.
1551 2776 1636 2843 Cor.
1651 2796 1696 2843 x:
1715 2797 1752 2850 2.
1795 2797 1832 2847 1.
1844 2781 1913 2848 Pet.

569 2888 650 2939 111:
665 2890 732 2946 20,
756 2890 815 2939 21.
867 2871 993 2963 Neque
1007 2866 1160 2938 alienum
1179 2865 1251 2948 est,
1279 2868 1377 2965 quod
1388 2869 1538 2965 persona,
1553 2868 1668 2967 qualis
1681 2866 1730 2940 e'st
1743 2870 1913 2970 Agan&

567 2985 642 3042 res,
667 2963 781 3059 qualis
805 2961 852 3034 est
872 2988 973 3035 mons
988 2963 1109 3043 Sinai,
1136 2964 1185 3035 ita
1204 2966 1293 3035 inter
1307 2960 1340 3035 se
1360 2988 1628 3065 comparentur,
1655 2986 1694 3037 ut
1706 2964 1747 3036 in
1763 2966 1915 3041 eandem

501 3083 505 3102 ’
566 3057 807 3155 perhibeantur
819 3054 1007 3156 conspirare
1027 3058 1204 3158 mysticam
1223 3054 1437 3135 sententiam.

665 3159 765 3229 XIV.
792 3157 902 3245 Qod
921 3152 945 3227 fi
965 3183 1008 3230 ne
1028 3154 1101 3230 haec
1112 3155 1258 3255 quidem
1275 3152 1507 3241 satisfaciunt,
1532 3182 1614 3257 quae
1631 3155 1773 3255 pridem
1797 3156 1915 3237 obser.

407 3278 422 3311 a
443 3256 500 3350 atra·
567 3273 647 3323 vata
666 3247 729 3324 esse
748 3252 885 3335 fateor,
925 3256 1010 3327 novi
1029 3251 1207 3326 hominem
1230 3254 1522 3337 eruditiisrmum,
1549 3258 1773 3352 eundemque
1796 3257 1917 3333 candi·

399 3354 425 3462 ir
446 3354 522 3465 22⁰·
567 3349 768 3432 diffimum,
796 3350 911 3433 addo',
936 3352 1029 3424 &in
1052 3376 1094 3422 eo
1109 3349 1266 3448 glorior,
1295 3351 1381 3424 mihi
1400 3353 1663 3431 amicissimum,
1691 3355 1757 3447 qui
1776 3348 1915 3429 diverso

501 3449 509 3467 ‘
567 3441 703 3541 prorsus
714 3452 848 3520 tramite
858 3446 903 3518 ad
912 3473 1028 3520 veram
1045 3448 1143 3521 Pauli
1157 3470 1310 3519 mentem
1322 3449 1589 3549 investigandam
1599 3449 1768 3545 procedit.
1826 3450 1915 3526 isil-

564 3540 626 3613 lud
649 3536 684 3604 τὸ
710 3537 772 3634 peip
798 3543 885 3641 spa?
905 3545 951 3612 ita
977 3542 1160 3641 explicat,
1197 3568 1237 3615 ut
1257 3570 1301 3617 ex
1323 3571 1494 3619 commate
1519 3540 1706 3643 antegresso
1735 3571 1914 3647 repetatur

443 3647 447 3655 “
566 3632 628 3702 ini
647 3636 689 3699 τῦ
701 3638 780 3699 notri
793 3661 865 3710 vox
880 3636 974 3732 ἴςθ,
999 3640 1140 3737 perinde
1149 3663 1188 3709 ac
1202 3635 1226 3711 sr
1238 3637 1398 3737 scriptum
1406 3641 1485 3720 esset
1498 3698 1508 3731 ,
1535 3639 1571 3708 'ti
1583 3635 1644 3739 rip
1655 3641 1726 3739 ip&
1737 3648 1794 3718 ‘rit
1808 3642 1913 3754 qu,

565 3760 650 3808 mons
665 3738 747 3805 enim
760 3737 887 3826 Agant.
938 3731 1077 3810 Prorsus
1094 3758 1133 3810 ut
1145 3736 1236 3808 Heb.
1250 3761 1294 3809 x1
1307 3762 1335 3810 1:
1351 3762 1411 3832 24.
1449 3742 1508 3813 rra>
1523 3740 1638 3828 αἵματι
1654 3744 1812 3837 partam?
1819 3749 1915 3841 κρείτ.

566 3856 639 3897 aava
654 3832 788 3897 λιλῧντι
802 3825 1078 3924 nagiair‘aitn,
1104 3832 1164 3908 ubi
1185 3828 1331 3907 saniores
1351 3846 1555 3938 Interpretes
1575 3842 1699 3914 ultima
1718 3840 1830 3919 verba
1856 3873 1917 3927 ex-

567 3929 696 4025 plicant
712 3919 804 4019 magei
815 3923 867 3995 rit
884 3925 1094 4017 ῥαπισμὲντῢ
1107 3929 1217 4004 'Aitna
1239 3935 1426 4030 repetendo
1442 3940 1538 4034 prius
1555 3937 1768 4015 vocabulum
1788 3937 1858 4011 dart
1877 3947 1917 4012 τῦ

568 4026 647 4087 aravi
657 4069 666 4097 ‚
690 4027 726 4095 &
746 4026 945 4122 accipiendo
959 4026 1049 4092 Ἀἒιλ
1064 4054 1128 4126 pro
1146 4030 1314 4129 genitivo.
1365 4040 1472 4107 Porro
1492 4062 1553 4134 per
1568 4055 1701 4109 montem
1716 4044 1847 4134 Agaroi
1865 4047 1919 4120 in·

568 4121 698 4221 telligit
714 4143 870 4194 montem
884 4125 1033 4205 Pharan,
1058 4127 1117 4197 ubi
1132 4134 1243 4225 Agar,
1273 4129 1375 4219 ejecta
1386 4132 1524 4228 penitus
1539 4158 1583 4206 ex
1596 4131 1785 4209 Abrahami
1799 4139 1919 4216 taber·

569 4222 700 4291 natulis
713 4264 724 4299 ,
752 4214 894 4303 resedit,
924 4247 1002 4294 cum
1021 4220 1094 4296 filio
1112 4219 1174 4295 suo
1191 4220 1343 4298 Ismaile.
1371 4231 1462 4299 Gen.
1485 4255 1570 4305 incr:
1588 4253 1645 4305 21.
1697 4236 1808 4307 Mons
1831 4261 1919 4313 vero

476 4410 478 4413 Ι
568 4313 628 4387 iste
641 4315 683 4387 ab
703 4322 813 4413 Agare
831 4321 1066 4416 potiusquam
1080 4309 1220 4394 Ismaile
1234 4320 1499 4409 denominatur,
1524 4327 1608 4423 quia
1627 4327 1688 4400 isla
1701 4325 1763 4401 filii
1775 4326 1830 4406 sui
1845 4359 1919 4410 nrm

566 4434 712 4488 matrem
724 4411 862 4500 modo,
894 4411 952 4490 sed
969 4420 1006 4491 δι
1025 4416 1204 4493 dominam
1225 4420 1318 4516 egit:
1346 4421 1477 4523 quippe
1497 4447 1578 4524 quae
1597 4418 1672 4501 filio
1683 4419 1745 4501 suo
1762 4451 1920 4505 uxorem

1795 4521 1921 4603 surniit
