4667 5442
716 358 832 440 .i
1076 419 1156 474 ἦ...

722 503 833 602 Dr
905 503 1235 610 Uxo'iee
1305 506 1550 616 Losi.

476 666 590 742 babile
610 668 746 744 viderur
765 697 838 744 rem
857 672 1011 771 aliquam
1029 673 1089 746 tali
1113 668 1222 745 modo
1244 670 1375 743 facilius
1399 668 1471 744 sieri
1491 665 1663 769 potuisse,
1692 670 1935 766 idcircopms..

471 767 640 864 colligere
664 768 765 850 licet,
795 795 837 839 eo
854 770 952 842 illam
970 770 1079 842 modo
1099 765 1216 842 revera
1229 762 1291 839 esse
1316 768 1447 841 saetam.
1499 774 1543 841 Et
1554 770 1708 865 profesto
1719 767 1888 866 gran-signa
1903 771 1981 826 ἱππ·
2031 851 2034 856 Ι

420 949 427 964 .
472 860 518 932 de
539 865 632 937 nefas
651 864 723 946 est,
753 887 869 937 contra
892 866 1014 940 claram
1036 894 1072 939 ac
1086 862 1300 963 perspicuam
1319 859 1416 937 laterae
1435 862 1582 938 historiae
1593 866 1820 939 narrationem
1828 847 1896 904 ‘'d‘'

494 953 583 1031 escio
606 985 710 1058 quam
731 963 1013 1058 probabilitatem
1036 965 1235 1035 obtendere.
1288 962 1384 1047 Quid
1436 962 1472 1033 id
1495 987 1534 1032 ea
1551 962 1680 1042 dieat,
1708 987 1821 1060 quau·

417 1123 421 1140 ‚
512 1059 873 1153 mvisi'mprobabile,
896 1079 1020 1132 verum
1038 1083 1151 1131 tamen
1172 1082 1209 1128 ac
1230 1080 1359 1129 certum
1380 986 1436 1131 db.
1489 1058 1673 1156 Quidquid
1686 1062 1715 1132 ei
1736 1084 1819 1132 con·

522 1155 647 1232 riatur,
677 1155 758 1226 licet
780 1151 920 1252 seposita
951 1151 1038 1228 sacra
1063 1154 1200 1227 historia
1225 1154 1532 1251 probabilissimum
1550 1151 1673 1227 censeri
1692 1178 1817 1253 quenti

515 1247 606 1321 milla
630 1273 743 1322 tamen
768 1253 841 1338 ejus
868 1249 1017 1323 historiae
1036 1247 1128 1332 fide,
1156 1276 1228 1323 non
1256 1252 1325 1337 jain
1344 1249 1524 1346 probabile
1555 1250 1729 1347 amplius,
1759 1248 1817 1325 sed

525 1345 608 1415 uido
631 1343 752 1418 salsum
781 1347 838 1420 est.
899 1353 984 1419 Non
1008 1344 1202 1444 exspectarit
1235 1346 1363 1416 Divina
1385 1347 1564 1420 volumina
1585 1345 1817 1421 aChristianis

517 1443 667 1514 &oribus
689 1439 861 1538 oppositas
885 1440 1034 1515 fistarum
1058 1443 1339 1539 probabilitatum
1353 1445 1627 1537 ratiocinationes
1633 1467 1649 1530 5
1676 1439 1733 1514 sed
1750 1443 1816 1516 liu-

468 1537 552 1609 mile
572 1534 651 1611 fidei
678 1538 895 1635 obsequium.
948 1544 1037 1632 Qiae
1058 1565 1141 1612 vero
1162 1538 1354 1635 allegantur
1377 1541 1428 1612 uti
1452 1534 1576 1611 similes
1596 1539 1812 1623 locutiones,

426 1687 429 1694 .
467 1655 518 1705 eae
532 1633 632 1705 valde
655 1633 830 1707 dissimiles
851 1631 937 1707 sunt.
991 1635 1137 1708 Nabalis
1167 1634 1306 1707 historia
1330 1660 1359 1708 i.
1375 1640 1573 1722 san..·xxv.
1597 1656 1668 1706 tam
1684 1632 1815 1734 perspi-

466 1753 533 1803 cuo
555 1727 741 1826 conscripta
764 1729 916 1804 sermone
938 1730 1005 1811 est,
1034 1755 1072 1803 ut
1091 1728 1188 1828 super
1208 1730 1303 1802 illius
1324 1727 1417 1822 sensu
1430 1730 1533 1804 'nulla
1554 1756 1707 1828 unquam
1726 1734 1813 1808 inter

425 1835 432 1844 '
464 1825 555 1897 inter
581 1850 667 1898 retes
690 1828 790 1900 fuerit
809 1824 1047 1901 controversia.
1098 1836 1216 1901 Nemo
1233 1849 1304 1899 tam
1321 1824 1456 1900 insanus
1475 1826 1545 1909 est,
1567 1833 1630 1924 qui
1643 1828 1748 1900 ullam
1769 1829 1814 1900 il·

464 1921 536 1995 lius
555 1851 710 1995 llominis
724 1926 758 1995 in
780 1924 930 2022 lapidem
946 1922 1249 2022 metamorphosim
1262 1919 1501 2014 somniaverit:
1528 1923 1667 2022 qualem
1679 1950 1811 2006 omnes,

424 2029 427 2036 '
451 2040 638 2118 quantum
662 2020 787 2093 constat
812 2068 822 2101 ,
862 2021 1063 2119 interpretes
1083 2026 1119 2094 in
1140 2020 1230 2093 hunc
1260 2017 1368 2118 usque
1389 2021 1508 2101 diem,
1535 2024 1579 2092 de
1601 2023 1683 2092 Loti
1704 2043 1813 2093 uxore

453 2141 667 2213 foncepcre.
721 2118 824 2193 Unde
847 2118 960 2214 palam
983 2117 1047 2198 est,
1076 2113 1304 2190 diversitatem
1325 2101 1714 2213 locutionislegeritium
1734 2143 1812 2188 om·

417 2209 443 2296 χ’
464 2213 563 2286 nium
582 2215 748 2286 oculis&
770 2214 943 2286 mentibus
956 2211 1014 2286 sua
1038 2209 1131 2311 quasi
1153 2207 1329 2311 spontese
1350 2216 1514 2311 ingerere.
1567 2218 1656 2300 Quae
1675 2238 1811 2309 expro-

463 2305 550 2382 sanis
572 2313 765 2383 austoribus
787 2309 990 2391 adduntur,
1013 2311 1100 2383 nihil
1122 2306 1357 2391 obscuritatis,
1386 2308 1729 2406 nihilambiguitatis
1748 2306 1810 2380 ha·
1834 2311 1844 2333 ⁸
1962 2339 1970 2350 ’

464 2402 581 2494 bent3
607 2434 647 2478 ne
677 2432 719 2476 ue
738 2408 799 2479 ulli
823 2407 1024 2479 mortalium
1048 2404 1259 2481 occafionem
1291 2404 1593 2505 metamorphosim
1618 2400 1811 2478 illiusmodi

462 2502 639 2600 cogitandi
651 2432 850 2589 dederunt3
875 2506 912 2574 &
936 2498 978 2574 fic
995 2504 1051 2576 vel
1066 2502 1150 2575 nihil
1165 2504 1307 2575 omnino
1318 2503 1467 2601 probant
1478 2550 1488 2585 ,
1517 2502 1573 2575 vel
1594 2526 1637 2574 eo
1648 2500 1807 2590 tendunt,

422 2683 424 2688 Ι
464 2619 507 2670 ut
530 2595 643 2672 casum
664 2599 799 2671 Niobes
820 2602 857 2671 δ(
881 2602 1000 2671 uxoris
1018 2599 1252 2671 Lotieodem
1272 2596 1372 2673 censu
1391 2595 1589 2672 haDamus.
1642 2598 1809 2672 lllavero

426 2695 432 2700 ’
462 2717 576 2794 quum
595 2698 731 2770 poetica
751 2696 862 2769 sabula
886 2692 945 2778 sit3
972 2694 1015 2765 de
1035 2694 1102 2767 hoc
1123 2695 1225 2767 nobis
1248 2695 1336 2793 quid
1356 2693 1570 2768 statuendum
1586 2693 1708 2768 restat?

418 2781 427 2796 ⁶
563 2795 702 2866 xxvi.
731 2798 807 2865 lmo
831 2818 913 2866 vero
933 2790 1001 2863 hoc
1021 2791 1141 2874 restat,
1170 2814 1229 2874 ut,
1257 2793 1435 2866 certisfima
1454 2789 1520 2863 fide
1536 2788 1678 2890 persuasi
1689 2792 1732 2864 de
1744 2790 1916 2880 addsxvr,
1927 2815 1987 2878 οι.

462 2886 684 2962 mirabilitate
705 2886 850 2962 historiae
872 2938 883 2973 ,
912 2915 954 2960 eo
975 2890 1159 2961 reseramus
1180 2889 1295 2962 omnia
1316 2935 1326 2970 ,
1354 2914 1426 2986 quo
1447 2887 1569 2962 referte
1596 2915 1660 2961 nos
1680 2890 1974 2986 Domi-ermom
2009 2937 2015 2942 -

461 2978 645 3084 nus'Jesus
667 2988 943 3067 voluitdicens,
972 3011 1226 3060 usnuurora
1263 3011 1408 3059 uxoais
1446 2990 1564 3060 Lori.
1617 2988 1671 3060 Sic
1692 2970 1948 3059 autems'ffs‘·

431 3083 597 3179 ·optime
618 3085 908 3165 meminerimus,
937 3080 960 3155 si
990 3080 1187 3163 discamus,
1216 3091 1243 3155 Ι.
1269 3081 1325 3154 Ad
1355 3085 1471 3155 omnia
1498 3084 1637 3158 Divinae
1655 3082 1809 3172 jussionis
1910 3105 1913 3110 ·
2035 3167 2042 3180 ι

437 3179 654 3260 .,ιῃαηάετα,
684 3206 722 3253 ea
746 3184 848 3252 etiam
867 3206 947 3277 quae
973 3181 1108 3251 minimi
1127 3181 1313 3342 caeterocppi
1337 3182 1503 3250 momenti
1533 3179 1642 3249 videri
1660 3172 1806 3273 pollent,
1864 3191 1869 3200 ’

417 3281 418 3286 ’
458 3273 709 3349 attendendum
732 3271 794 3345 else
816 3300 922 3372 quam
942 3274 1207 3357 accuratissime3
1233 3276 1267 3342 ni
1293 3273 1319 3343 il
1345 3295 1384 3343 ut
1405 3271 1525 3344 'nostris
1544 3275 1630 3343 circa
1650 3274 1807 3344 caratio·

417 3401 429 3462 ¹,
458 3370 693 3446 cinationibus
712 3371 966 3468 indulgeamus.
1017 3376 1063 3440 11.
1091 3371 1146 3439 Ab
1159 3369 1255 3438 omni
1274 3365 1372 3437 nobis
1384 3370 1586 3439 Divinarum
1596 3365 1713 3465 legum
1726 3368 1807 3438 vio-

459 3467 594 3546 latione
617 3490 790 3563 ,quanta
821 3466 970 3538 maxima
992 3459 1172 3562 possumus
1203 3458 1457 3544 sollicitudine,
1485 3462 1687 3536 cavendum.
1738 3471 1810 3559 Ill.¹

460 3553 605 3662 Quippe
618 3587 724 3659 quam
745 3562 851 3661 longe
872 3557 1089 3660 pluris'saepe
1118 3560 1259 3632 aestimat
1283 3555 1425 3631 universi
1444 3558 1581 3658 Judex,
1607 3584 1714 3658 quam
1738 3557 1806 3631 lio-

462 3661 598 3736 minum
621 3660 837 3756 peccantium
861 3683 983 3758 parum
1012 3652 1177 3748 judiciosa
1195 3655 1381 3728 temerltas.
1434 3661 1497 3730 IV.
1527 3656 1809 3729 Horrendisali-

430 3755 433 3760 ’
462 3759 605 3856 quando
629 3757 740 3854 poenis
760 3761 875 3829 Deum
892 3759 927 3828 in
947 3780 986 3828 ea
1006 3752 1189 3827 hominum
1211 3751 1293 3825 sada
1306 3747 1599 3834 animaduertisse,
1627 3753 1803 3850 inquibus

460 3877 527 3928 nos
546 3851 608 3926 vix
625 3855 782 3950 peccati,
810 3856 940 3927 nedum
958 3852 1131 3944 criminis,
1158 3851 1351 3942 rationem,
1379 3847 1438 3922 nili
1455 3851 1799 3942 exeaDeivindista,
1876 3873 1879 3882 ·

457 3946 824 4048 deprehenderemus.¹
855 3947 984 4023 Saltem
1008 3972 1087 4045 quae
1107 3946 1217 4020 multa
1240 3939 1274 4019 sc
1298 3944 1515 4034 excusatibne
1542 3951 1631 4020 tueri
1654 3941 1797 4046 possent.
1822 4019 1826 4026 .

458 4045 748 4121 ConserLev.x:
779 4070 817 4129 r,
838 4073 871 4120 2.
902 4051 1098 4119 i··:Sam.viz
1115 4067 1171 4135 19.
1195 4039 1310 4117 iciii:
1331 4067 1395 4127 ia,
1423 4067 1478 4138 ¹3·
1506 4049 1746 4125 2.Sarn.vi:6,
1761 4064 1797 4128 7.

465 4146 988 4241 1.Reg.xiiiziss,>2o.&c.
1040 4144 1085 4213 V.
1110 4139 1317 4213 Exuendum
1340 4136 1404 4212 esse
1427 4143 1579 4214 animum
1600 4138 1716 4214 insano
1733 4139 1797 4214 isto
1875 4167 1878 4171 “
1961 4152 1985 4238 '-

459 4261 576 4314 terum
595 4238 870 4323 mundanarum,
897 4240 1056 4336 carnique
1074 4236 1353 4320 blandientium,
1381 4261 1522 4311 amore:
1549 4234 1690 4337 easque,
1718 4242 1797 4309 Deo

456 4331 624 4428 jubente,
651 4335 803 4412 alacriter
822 4334 1063 4434 relinquendas
1085 4328 1171 4414 esse,
1199 4352 1239 4403 ut
1258 4328 1495 4431 ipsius-favore
1515 4337 1665 4408 contenti
1691 4381 1703 4416 ,
1731 4331 1798 4406 sine

452 4425 739 4610 seculirdcliciig,
764 4434 907 4513 celestis
923 4433 1043 4535 gratiae
1060 4429 1217 4506 ubertate
1231 4425 1444 4606 piscamurss
1465 4437 1533 4513 Ul.
1557 4429 1798 4604 Feslinandppi
1826 4437 1833 4448 '
1920 4445 1931 4476 -’
1953 4437 2013 4466 '³
2052 4487 2061 4514 ‚r

487 4535 727 4613 '·.'fflsls
814 4577 823 4598 ⁸
1577 4551 1580 4556 ¹
1779 4539 1914 4616 e.‘
1994 4565 2003 4574 “
