4667 5442
876 322 3265 616 —

1300 643 1309 654 ι

1313 762 1471 859 De
1540 761 2150 863 PRAEsTAN'r.
2220 766 2602 862 Veni-r.
2676 762 3077 861 Eune.-
3399 760 3605 887 687

896 915 1051 1006 {hs
1082 919 1259 1008 nasci
1280 973 1307 1016 2
1360 933 1465 1006 uti
1502 954 1625 1006 eos
1656 957 1781 1010 ceu
1822 931 2057 1010 fratres
2093 981 2118 1020 ‚
2172 957 2251 1012 ac
2300 934 2665 1035 proximos
2701 929 2823 1010 fibi
2859 934 3106 1036 diligat
3142 959 3220 1010 ac
3259 930 3611 1012 vindicet:

910 1035 955 1100 ι’
986 1026 1277 1126 Virgine
1312 1047 1543 1102 tamen
1576 1027 1845 1106 illibata
1881 1078 1903 1116 ‚
1958 1035 2426 1130 nequicquam
2483 1054 2574 1106 ex
2613 1027 2932 1106 humanae
2991 1029 3377 1108 vitiositatis
3415 1025 3612 1129 spur-

902 1123 1119 1298 ξὲιξ,
1170 1145 1310 1222 pet-
1333 1123 1747 1294 gdinariam
1786 1128 2113 1296 corgiubii
2152 1130 2338 1202 viam
2380 1125 2782 1298 irsnfiosseros
2800 1124 2934 1300 sgrse
2967 1121 3412 1242 diffundente,
3440 1152 3609 1296 chon-

902 1241 1379 1394 suatim-uam
1402 1245 2876 1394 gtfissaliiiiiiitaaini‘inglbmeaii'ttsdinetinmfiti'giiti
2892 1246 3603 1418 ῗὸἓεῃευῗξιῖαωεῖἰῖἰ

904 1339 1225 1490 fleme}
1328 1435 1605 1488 uantam
1646 1412 1899 1527 habent
1933 1411 2309 1490 secretioris
2350 1411 2693 1514 sapientiae
2731 1415 3270 1517 profunditatem
3309 1412 3338 1487 ἓ
3390 1438 3604 1527 quam

910 1501 1233 1622 hacceffa
1270 1438 1536 1607 amper
1566 1510 1969 1586 hominibus
2004 1508 2425 1596 mansissent,
2480 1507 2602 1586 nifi
2634 1538 2759 1611 per
2783 1509 3140 1610 scripturas
3163 1508 3604 1610 Propheticas

902 1608 1330 1780 gtnirgiperitg
1375 1610 1609 1681 aeterni
1650 1609 1785 1681 Dei
1826 1607 1914 1682 ad
1954 1608 2426 1684 obedientiam
2453 1605 2616 1682 fidei
2659 1609 2983 1684 omnibus
3034 1609 3355 1709 gentibus
3399 1603 3606 1680 essent

1114 1725 1262 1776 cata
1295 1759 1313 1774 .

888 1793 973 1892 7-'25
1102 1798 1245 1872 Sed
1280 1801 1357 1874 &
1396 1803 2006 1877 connexionem
2047 1803 2364 1876 omnium
2387 1800 2792 1902 dogmatum
2813 1795 3411 1899 suavissimumque
3436 1821 3602 1874 con-

878 1871 1191 1998 ‘Qtum
1226 1893 2102 1994 videamus3s1vejnterse
2137 1895 2570 1973 conferantur
2602 1894 2859 1998 singula
2884 1945 2907 1983 ,
2947 1893 3079 1973 five
3109 1925 3186 1973 ea
3214 1944 3237 1982 ‚
3283 1921 3439 2000 quae
3461 1899 3607 1972 No-

904 1987 1399 2076 d-Tfflaementi
1442 1998 1911 2106 monumentis
1954 1990 2275 2110 ’exposita
2311 1988 2467 2067 sunt
2504 2040 2529 2079 ,
2584 2018 2744 2068 cum
2787 1995 2874 2069 iis
2913 1993 3406 2070 contendantur
3493 2015 3604 2066 uae

902 2085 2377 2287 fflmffifgssssifffibffgffff'szffdffl
2396 2085 2786 2262 essss‘ssnssffs}
2830 2087 3287 2264 ἑῗῗῖοὲῗεῗὲἐ
3353 2088 3601 2263 ’ῗοῗέἓ

898 2277 1095 2376 fflla
1120 2279 1215 2355 est
1243 2279 1516 2358 scientia
1536 2330 1559 2367 ,
1615 2309 1719 2358 ars
1756 2283 1968 2369 nulla,
2032 2287 2226 2377 cujus
2245 2305 2580 2384 praecepta
2606 2285 2848 2358 arctius
2868 2282 3170 2380 aptiusve
3195 2284 3600 2365 cohaereant,

894 2367 2153 2577 munnae*
2177 2381 2586 2551 ῖπέτεὲ
2602 2376 3600 2574 ξῶῑῑῑεὲὲςῖπὶῑῖεῑεὲῑῑῖ

902 2563 1214 2670 fingunt.
1316 2567 1722 2648 Artificiosae
1759 2596 2009 2650 catenae
2062 2572 2265 2648 instar
2302 2569 2390 2645 ha
2441 2594 2603 2655 ent,
2662 2575 2854 2664 cujus
2905 2571 3140 2648 nullus
3179 2597 3356 2647 unus
3382 2594 3602 2645 annu-

898 2663 1013 2742 lus
1059 2661 1234 2740 solvi
1274 2667 1495 2766 potest
1542 2717 1564 2754 ‚
1621 2671 1789 2768 quin
1825 2691 1973 2744 tota
2001 2696 2177 2746 mox
2213 2667 2494 2744 laxetur
2540 2693 2694 2741 com
2748 2692 2932 2767 ages·
3033 2673 3143 2743 Ex
3175 2693 3318 2742 uno
3358 2668 3600 2742 omnia

954 2764 1286 2862 rincipio,
1345 2769 1797 2841 concatenatis
1826 2763 2029 2866 seque
2068 2768 2366 2840 invicem
2397 2761 2689 2840 firmanti
2739 2789 2822 2838 us
2845 2760 3410 2847 conclusionibus,
3443 2763 3602 2837 nul-

898 2785 977 2936 fo
1012 2855 1277 2960 uspiam
1308 2860 1543 2947 hiatu,
1600 2863 1838 2936 ordine
1867 2865 2324 2938 deducuntur.
2425 2861 2630 2937 Adeo
2651 2909 2680 2946 ‚
2731 2883 2810 2935 ut
2827 2863 2951 2961 qui
2973 2864 3389 2962 principium
3422 2858 3602 2972 iliud

900 2959 1089 3030 norit
1115 3003 1140 3041 ,
1196 2957 1257 3030 is
1293 2960 1480 3032 norit
1506 2961 1795 3048 omnia-3
1846 2982 2183 3060 quatenus
2228 2958 2304 3033 id
2339 2961 2539 3034 novit
2575 3005 2600 3044 ,
2672 2959 2743 3031 in
2785 2983 2932 3057 quo
2992 2961 3225 3034 omnia
3268 2958 3486 3032 veluti
3523 2958 3596 3030 in

904 3075 1142 3130 centro
1168 3049 1291 3127 suo
1316 3059 1751 3132 conveniunt
1780 3105 1805 3142 ‚
1860 3083 1895 3131 e
1922 3082 2069 3157 quo
2088 3056 2384 3142 deduci,
2427 3057 2516 3130 ad
2541 3055 2736 3152 quod
2761 3055 2993 3129 reduci
3025 3054 3303 3130 debent.
3357 3059 3596 3144 Qam

900 3173 1051 3228 rem
1090 3146 1482 3251 singulatim
1524 3151 1871 3230 ostendere
1929 3157 2249 3255 quamvis
2281 3156 2352 3228 in
2405 3154 2696 3254 proclivi
2740 3147 2820 3226 fit
2855 3200 2877 3237 ‚
2933 3178 3073 3226 non
3129 3151 3319 3228 horae
3366 3174 3596 3226 tamen

898 3247 1105 3321 unius
1142 3292 1165 3329 ‚
1221 3244 1337 3321 sed
1376 3249 1647 3326 dierum
1671 3252 1981 3366 aliquot,
2034 3253 2151 3328 vel
2185 3246 2519 3325 menfium
2560 3252 2766 3323 etiarn
2799 3244 3018 3348 spatio
3056 3274 3235 3347 opus
3276 3247 3394 3323 est.

908 3393 917 3402 -
1068 3341 1177 3417 ··1d
1216 3365 1445 3419 tamen
1484 3369 2002 3443 praetermittere
2036 3372 2177 3421 non
2268 3344 2485 3419 offum
2514 3392 2537 3429 ,
2591 3367 2928 3442 quantum
2956 3345 3314 3444 Evangelii
3338 3342 3591 3441 placita
3643 3377 3656 3390 -

892 3435 1250 3516 firmamen
1294 3441 1365 3512 in
1402 3437 1731 3516 Mosaicis
1777 3443 2099 3516 institutis
2138 3441 2223 3512 ha
2275 3463 2456 3515 eant.
2573 3446 2760 3511 Cum
2797 3436 2996 3512 Mose
3051 3440 3229 3512 oran
3279 3439 3594 3514 locutum

892 3529 1027 3612 effe
1070 3539 1299 3608 Deum
1324 3577 1349 3616 ,
1404 3558 1443 3605 e
1476 3535 1711 3606 medio
1750 3539 2133 3608 tonitruum
2162 3538 2235 3608 &
2264 3533 2720 3634 fulgetrorum
2740 3578 2766 3616 ‚
2819 3535 3152 3632 spectante
3176 3539 3250 3606 &
3275 3531 3596 3606 audiente

888 3625 1383 3708 innumerabili
1421 3629 1669 3730 populi
1704 3628 2046 3706 Israiilitici
2084 3628 2537 3704 multitudine
2563 3673 2588 3712 ,
2641 3651 2887 3729 negare
2931 3653 3136 3702 nemo
3215 3627 3386 3702 otest
3409 3675 3432 3712 ,
3481 3621 3602 3710 nifi

946 3727 1027 3802 ui
1067 3721 1307 3798 eadem
1348 3750 1553 3824 opera
1593 3721 1813 3802 solem
1860 3749 2051 3800 mera
2086 3725 2377 3800 meridie
2413 3724 2638 3802 lucere
2668 3747 2898 3826 neget.
3001 3727 3146 3816 Qui
3222 3727 3405 3798 enirn
3441 3745 3598 3798 tan-

944 3847 1061 3900 em
1106 3845 1195 3895 ex
1242 3825 1431 3896 omni
1481 3819 1756 3897 historia
1778 3847 2019 3898 verum
2062 3823 2155 3900 est
2186 3869 2211 3908 2
2265 3817 2312 3896 fi
2349 3846 2492 3897 non
2529 3820 2665 3898 hoc
2705 3817 2786 3896 fit
2814 3869 2839 3909 ,
2893 3821 3090 3922 quod
3131 3845 3215 3894 eo
3258 3816 3599 3920 conscrip-

890 3933 1053 3998 πω
1098 3915 1193 3994 est
1229 3940 1542 4019 tempore
1576 3946 1653 3994 ac
1682 3919 1844 3994 loco
1917 3919 2127 3995 estum
2172 3947 2196 4008 3
2247 3923 2320 3993 ὅτ.
2359 3915 2742 4004 conscribi,
2795 3921 3205 4018 populoque
3239 3941 3596 3996 commen-

890 4017 1087 4099 dari,
1138 4015 1226 4088 ab
1267 4040 1491 4115 eoque
1529 4013 1691 4092 filiis
1732 3941 2028 4130 serisque
2072 4018 2439 4117 nepotibus
2481 4017 2655 4090 tradi
2718 4041 2856 4090 non
2900 4009 3222 4113 potuisset
3253 4061 3278 4100 ,
3331 4009 3450 4088 nifi
3493 4037 3602 4088 re·

888 4137 1052 4190 vera
1083 4115 1179 4187 ita
1261 4111 1473 4188 estum
1516 4110 1737 4190 effeti
1790 4121 1972 4205 Qus
2018 4138 2195 4189 unus
2234 4115 2454 4188 homo
2495 4111 2614 4186 fibi
2653 4109 2886 4188 scienti
2917 4113 3323 4212 volentique
3347 4113 3440 4183 ita
3461 4113 3597 4186 im-

890 4213 1062 4310 poni
1089 4137 1309 4308 passgus
1342 4210 1451 4324 ‘est
1468 4259 1504 4326 ‚·
1546 4231 1625 4284 ut
1660 4211 2190 4328 crederet-atque
2214 4211 2585 4288 adstrueret
2601 4234 2640 4283 a
2670 4207 2734 4283 se
2757 4205 2899 4286 visa
2924 4209 3412 4322 atque-audita,
3437 4231 3598 4308 que

888 4325 1358 4502 ἲὶῖἓζῗὲἓιῖ
1363 4308 2159 4520 {5352‘33313322‘223‘
2174 4307 2462 4480 ἷῃῗξιῗέἓ
2471 4303 3598 4502 'affidssffi‘tufflffissffssssffi

888 4499 1143 4576 factura
1172 4523 1311 4576 non
1340 4499 1567 4578 fixerit.
1668 4511 2015 4579 ponamus
2058 4503 2270 4602 igitur
2302 4497 2482 4581 Mofi
2535 4501 2852 4576 locutum
2895 4494 3290 4574 effe-'Deum
3316 4543 3343 4584 ,
3399 4519 3601 4572 eum-

888 4619 1033 4694 que
1058 4597 1557 4674 commendasse
1574 4599 1849 4716 populo
1882 4619 1965 4674 ut
1991 4593 2271 4674 fidelem
2313 4597 2587 4675 servum
2625 4600 2700 4672 in
2723 4617 2876 4674 tote
2913 4595 3132 4672 duffio
3163 4591 3290 4670 'sua
3324 4641 3348 4680 ,
3405 4593 3597 4703 cujus

884 4693 1263 4774 ministerio
1290 4695 1375 4770 de
1402 4719 1597 4774 omni
1624 4699 1913 4775 veritate
1940 4697 2013 4773 in
2056 4719 2263 4772 omne
2288 4715 2568 4798 tempus
2605 4713 2854 4772 omnes
2893 4679 3200 4772 minei
3237 4687 3597 4862 mdix?
