4667 5442
682 463 826 561 Ram.
854 462 1032 559 errrc.
1062 490 1172 558 noc
1208 466 1317 561 Sec,
1350 465 1535 561 Srnruc
1694 470 1794 583 735

450 621 606 706 toelestcs
615 624 775 699 veritates
786 626 906 722 purius
919 626 1125 714 enucleatae3
1150 651 1328 723 nunquam
1337 622 1575 723 sapientissima
1587 643 1702 695 earum
1714 644 1799 694 con·

451 726 566 812 nexio
579 722 701 799 clarius
719 720 970 812 demonstrata,
997 750 1174 822 nunquam
1194 724 1399 796 Divinarum
1421 749 1497 797 cum
1513 720 1712 794 hominibus
1733 717 1750 789 f
1778 755 1796 773 -

451 821 575 895 derum
587 821 698 902 ratio,
726 820 983 919 eorundemque
996 818 1125 895 diversa
1140 817 1365 917 dispensatio,
1392 809 1800 913 illuminatiusexposrta3

451 941 632 1016 nunquam
655 942 784 990 errores
798 911 940 992 solidius
952 918 1139 1006 confutan3
1165 942 1341 1013 nunquam
1362 919 1434 1002 veri
1453 917 1701 1012 scripturarum
1722 905 1799 981 sen·

451 1008 510 1092 sus
531 1014 731 1113 diligentius
743 1013 916 1113 indagati,
945 1012 1146 1115 feliciusque
1164 1016 1199 1087 in
1211 989 1325 1087 lucerlr
1338 1013 1494 1112 produsti
1505 1056 1518 1097 ,
1545 1034 1651 1108 quam
1668 1006 1735 1082 hoc
1747 1002 1799 1078 se·

452 1109 537 1188 mlo
557 1108 648 1185 sunt.
678 1171 684 1178 .
944 1151 947 1158 ·
1748 1157 1752 1164 -

551 1206 810 1304 Nonpollulo,
836 1206 1045 1291 Auditorcs,
1072 1209 1203 1306 quippe
1224 1205 1322 1303 quod
1334 1204 1433 1280 nullo
1451 1204 1537 1279 mihi
1553 1205 1626 1295 jure
1671 1194 1799 1273 ollula-

453 1325 560 1387 scm,
588 1326 628 1376 ut
645 1305 774 1395 judicio
795 1308 827 1377 in
847 1302 909 1379 hac
932 1300 1039 1378 caussa
1057 1330 1138 1378 mco
1157 1304 1236 1401 plus
1255 1303 1413 1376 deferatis
1434 1347 1445 1385 ,
1473 1326 1580 1398 quam
1599 1227 1678 1398 ipss
1695 1294 1799 1367 vobis

452 1423 599 1498 equum
617 1396 680 1473 esse
700 1401 885 1475 videbitur.
936 1404 1060 1476 Dicam
1073 1426 1186 1474 tamen
1202 1400 1300 1497 quod
1318 1399 1451 1472 sentio:
1477 1421 1582 1497 atque
1599 1400 1648 1472 ita
1669 1392 1795 1473 dicam,

453 1517 497 1572 ut
511 1497 661 1570 orationi
674 1499 817 1595 quidem
836 1521 923 1570 meae
943 1494 1000 1571 sua
1021 1545 1032 1583 ,
1061 1522 1167 1595 quam
1187 1495 1385 1569 hominibus
1396 1498 1553 1593 ingenuis
1567 1517 1690 1597 negare
1705 1485 1799 1562 nefas

454 1589 526 1676 est,
547 1593 685 1668 libertas
693 1592 848 1681 constet,
875 1619 1014 1669 omnem
1027 1619 1139 1668 tamen
1149 1592 1295 1666 livorem
1307 1617 1343 1665 ac
1357 1588 1581 1673 scaevitatem,
1608 1591 1800 1664 obtrectan-

456 1687 567 1786 dique
586 1689 802 1772 lubidinem,
831 1716 910 1789 quae
930 1690 1069 1765 honesta
1087 1694 1223 1787 pectora
1241 1688 1407 1764 dedecent
1429 1733 1441 1773 ,
1474 1687 1595 1786 procul
1610 1683 1672 1760 else
1692 1706 1800 1781 appa·

453 1809 541 1862 seat.
577 1790 763 1860 Enimvero
785 1788 893 1861 fateor
910 1790 945 1858 in
964 1787 1206 1887 pervolvendis
1218 1795 1378 1866 Petrum,
1398 1809 1488 1884 quos
1501 1808 1649 1868 vocant,
1671 1777 1801 1877 scriptis

456 1905 532 1958 non
550 1879 674 1956 trivisse
696 1910 751 1957 me
766 1906 928 1970 aetatem,
955 1911 1033 1959 cum
1053 1883 1152 1981 quod
1175 1878 1439 1957 laboriosissimae
1457 1885 1538 1955 vitae
1557 1880 1800 1978 occupationes

454 1973 696 2054 haudtantum
712 1980 796 2052 milri
814 1982 873 2052 abs
894 2005 930 2055 re
957 2008 1033 2071 mea
1059 1980 1122 2053 otii
1141 1981 1389 2061 concederent,
1417 2000 1494 2053 tum
1511 1978 1610 2076 quod
1630 1999 1726 2050 meus
1742 1996 1801 2045 me

454 2080 607 2176 genius,
635 2103 677 2150 ne
697 2078 784 2176 quid
800 2074 1030 2160 dissimulem,
1055 2078 1124 2150 alio
1136 2079 1248 2176 magis
1260 2074 1451 2150 studiorum
1463 2100 1586 2175 genere
1600 2072 1799 2150 delectatus,

457 2195 504 2248 eo
528 2198 598 2246 non
618 2173 755 2248 duceret
773 2174 974 2251 traherctve.
1025 2176 1115 2273 Legi
1140 2195 1285 2256 tamen,
1314 2196 1427 2270 neque
1455 2170 1681 2271 perfunctorie
1707 2167 1799 2263 legi,

456 2291 593 2370 pattem
613 2295 683 2343 non
705 2272 989 2345 contemnendam
1007 2296 1150 2351 eorum,
1181 2294 1259 2367 quae
1283 2292 1353 2342 tam
1368 2270 1555 2342 Orientalis
1576 2292 1682 2364 quam
1701 2264 1804 2337 Occi-

457 2365 630 2446 dentalis,
658 2389 729 2441 tam
746 2374 879 2441 Graecae
895 2394 1001 2463 quam
1014 2369 1146 2439 Latinae
1156 2362 1312 2439 Ecclesiae
1322 2366 1540 2440 cordatissimi
1555 2369 1725 2438 Dodores
1738 2381 1803 2458 pro

459 2464 701 2561 exponenda,
731 2464 878 2546 tuenda,
902 2464 1178 2560 vindicandaque
1207 2463 1386 2560 Evangelii
1417 2464 1559 2535 veritate
1588 2456 1802 2557 scripserunt.

456 2561 551 2658 Legi
600 2588 653 2635 uae
671 2565 705 2635 in
720 2565 853 2634 Veteris
863 2565 1030 2660 Novique
1049 2560 1259 2634 instrumenti
1275 2560 1386 2633 libros
1400 2555 1569 2657 quosdam
1583 2554 1807 2634 commentati

459 2651 560 2732 sunt:
574 2586 657 2757 legi
675 2684 754 2756 quae
769 2657 957 2743 haereticis,
984 2656 1256 2734 sanctissimarum
1276 2656 1472 2732 tabulatum
1490 2654 1747 2755 corruptoribus
1764 2673 1805 2724 ac

459 2753 787 2839 calumniatoribus,
808 2757 1052 2854 opposuerunt.

557 2849 816 2952 Profiteorque,
843 2858 1076 2952 maximopere
1095 2879 1152 2929 me
1171 2853 1360 2951 aliquando
1379 2846 1535 2927 affectum
1560 2843 1655 2925 fuisse
1677 2872 1721 2921 co
1737 2870 1803 2943 pro

460 2950 584 3024 Divini
605 2953 755 3024 nominis
767 2951 878 3050 gloria
891 2954 992 3035 zelo,
1019 2978 1057 3026 ea
1068 2954 1174 3025 animi
1193 2953 1280 3024 bene
1294 2948 1435 3050 persuasr
1449 2947 1630 3031 firmitate,
1657 2971 1696 3017 ea
1710 2940 1805 3026 fidei,

462 3041 488 3122 fi
505 3049 625 3118 Graeca
637 3047 691 3119 hic
704 3048 788 3121 mihi
803 3073 890 3121 voce
903 3052 955 3121 uti
973 3048 1096 3132 liccat,
1122 3047 1326 3146 vngocopr'a,
1350 3073 1430 3145 quae
1442 3047 1649 3143 plerumque
1663 3043 1697 3112 in
1709 3040 1808 3111 libris

461 3139 617 3242 ipsorum
638 3143 784 3215 elucent.
834 3144 940 3219 Unde
962 3169 989 3216 ae
1017 3149 1140 3217 ctrime
1155 3138 1287 3240 semper
1304 3155 1424 3214 eorum
1436 3140 1627 3214 institutum
1641 3135 1728 3215 tuli,
1744 3136 1807 3228 qui

451 3261 455 3270 ·
492 3239 618 3317 uavis,
645 3261 716 3307 non
738 3236 816 3308 data
828 3236 960 3320 folum,
981 3166 1038 3311 sid
1057 3234 1263 3334 &quaefita,
1284 3235 1478 3318 occasione,
1502 3238 1537 3309 in
1551 3242 1690 3309 Parrum
1702 3230 1809 3302 naevis

459 3264 667 3428 detegendis
687 3331 868 3428 ingloriam
880 3333 941 3405 dili
969 3336 1095 3407 entiam
1106 3357 1341 3409 exercuerunt.
1392 3334 1461 3406 Ati
1512 3321 1810 3405 oscantmihisan·

461 3434 599 3506 &orum
612 3427 770 3500 Heroum
787 3427 920 3501 candidi
950 3455 1026 3504 rmae
1038 3432 1184 3514 animae,
1211 3424 1368 3505 linostro
1385 3355 1596 3502 huicgliculo
1619 3425 1807 3524 quendam,

462 3549 541 3628 quo
559 3522 743 3597 carendum
759 3520 837 3623 ipsrs
856 3525 944 3610 fuit,
971 3527 1143 3601 felicitatis
1183 3526 1303 3602 redum
1324 3529 1452 3601 Divina
1471 3520 1700 3600 munificentia
1716 3520 1811 3595 obti-

462 3616 549 3726 gisse
561 3622 799 3719 pronunciem.
850 3627 1000 3724 Jecerint
1019 3625 1071 3699 illi
1094 3551 1297 3700 eruditionis
1317 3623 1545 3725 Theologicae
1566 3621 1809 3708 fundamenta3

465 3745 539 3798 non
559 3717 688 3794 abnuo.
739 3721 841 3794 Viam
858 3719 1034 3796 straverint
1060 3723 1259 3797 accuratiori
1282 3722 1492 3821 indagationi
1514 3748 1527 3810 3
1551 3745 1622 3794 non
1639 3740 1808 3818 repugno.

465 3816 660 3902 Polluerint
672 3818 813 3915 ingenio
831 3840 936 3917 atque
948 3818 1136 3908 industria3
1158 3815 1230 3919 ipsc
1249 3844 1315 3921 ego
1336 3818 1497 3895 laudibus
1513 3815 1574 3894 illa
1593 3820 1680 3892 meis
1700 3815 1811 3906 majo-

466 3907 580 3992 taeffe
593 3915 755 4009 praedico.
804 3919 853 3989 At
865 3940 954 3990 certe
971 3943 1040 3990 non
1053 3943 1162 4016 pauca
1173 3911 1263 4000 esse,
1289 3941 1402 4018 neque
1422 3917 1572 4017 exigua,
1598 3940 1678 4014 quae
1689 3910 1811 3990 nostris

467 4034 560 4087 nunc
572 4007 798 4110 Theologis,
826 4038 870 4088 ex
890 4013 1053 4090 omnibus
1071 4016 1308 4185 antiggitatis,
1334 4007 1505 4113 praecipue
1525 4012 1734 4095 orientalis,
1755 4035 1812 4086 re·

467 4105 638 4189 cellrbus,
664 4107 857 4182 incredibili
875 4110 994 4196 labore
1006 4135 1124 4198 eruta,
1203 4111 1248 4184 ad
1266 4111 1484 4185 oraculorum
1501 4110 1691 4188 nostrorum
1710 4133 1812 4181 men·

466 4225 542 4280 tem
560 4204 799 4300 exponendam
819 4205 961 4281 feliciter
973 4207 1127 4283 adhibita
1142 4205 1219 4282 sunt
1239 4254 1252 4293 ,
1279 4204 1395 4307 priscis
1418 4209 1620 4284 autemillis
1640 4231 1683 4282 ne
1706 4203 1812 4298 fando

466 4299 615 4398 quidem
632 4302 747 4376 audita
765 4326 860 4377 crant
870 4352 882 4389 ,
908 4329 1032 4389 nemo,
1055 4301 1115 4378 nisr
1129 4306 1356 4405 inexpertus,
1382 4327 1441 4380 aut
1456 4306 1589 4408 oppido
1606 4295 1812 4384 cervicosus»

463 4392 599 4474 inficias
618 4398 730 4478 iverit.
782 4405 817 4473 O
838 4426 945 4505 quam
968 4400 1089 4479 beatos
1107 4397 1176 4478 sese
1204 4398 1266 4505 ipsr
1291 4401 1345 4484 illi
1369 4407 1510 4483 Veteres
1523 4390 1813 4508 predicavillent,

1674 4513 1808 4595 quanto
