4667 5442
545 509 644 635 238
804 499 1519 593 Exnacrtntro
1589 477 1710 589 ΧΙ.Ι

546 693 642 751 erat,
671 664 747 766 poll
782 670 885 740 trium
907 663 1072 739 mensium
1097 662 1348 748 obsidionem,
1388 668 1425 736 vi
1444 666 1557 763 capit,
1586 662 1801 761 Judaeorum
1833 675 1901 730 xtt

551 766 662 842 millia
676 765 821 838 occidit:
848 769 883 835 T
885 766 1063 861 emplique
1081 763 1285 859 religionem
1304 809 1314 844 ,
1341 761 1502 835 humanis
1515 760 1656 833 antehac
1672 749 1907 853 necirestigiis

553 890 614 937 nec
636 862 744 936 oculis
765 863 931 959 penetrati
952 908 962 945 ,
991 885 1060 933 non
1091 860 1309 938 mediocriter
1328 859 1437 932 laedit.
1487 852 1654 956 Ingressus
1676 855 1778 925 enim
1799 851 1904 930 illud,

553 964 590 1032 &
610 985 688 1034 cum
704 984 747 1029 eo
764 985 833 1032 non
852 962 952 1056 pauci
973 958 1054 1038 alii,
1081 952 1300 1053 inspexerunt
1319 979 1453 1052 eaquae
1471 956 1589 1027 videre
1616 950 1714 1024 nefas
1734 946 1819 1031 est,
1848 941 1905 1019 nist

551 1054 634 1129 solis
651 1054 895 1128 sacerdotibus.
944 1053 1046 1132 Nihil
1063 1075 1176 1124 tamen
1190 1078 1233 1126 ex
1244 1049 1340 1127 sacris
1350 1047 1532 1132 thesauris,
1561 1050 1623 1147 qui
1634 1046 1784 1143 plurimi
1797 1064 1904 1126 erant,

551 1151 682 1224 libavit.
731 1155 895 1249 Sequenti
914 1150 1074 1224 vero'die
1101 1148 1192 1239 jussis
1224 1172 1366 1247 purgare
1388 1147 1560 1245 templum
1578 1144 1757 1225 aedituis,
1788 1145 1831 1215 &
1853 1142 1905 1212 in·

550 1248 702 1323 stauratis
721 1246 886 1346 legitimis
906 1244 1092 1328 sacrificiis,
1120 1248 1311 1341 precarium
1331 1241 1557 1317 sacerdotium
1566 1249 1719 1341 llyrcam
1738 1237 1902 1314 restituit.

551 1346 685 1443 Judeeis
706 1347 859 1416 civitates
878 1370 932 1417 eas
952 1344 1074 1416 adimit
1093 1389 1103 1422 ,
1132 1366 1218 1436 quas
1232 1338 1329 1437 supra
1340 1338 1505 1413 finitimos
1520 1358 1802 1436 occupaverant,
1820 1340 1905 1410 ffe-

549 1441 735 1534 rosolymam
755 1441 907 1536 denique
925 1419 1059 1538 populo
1075 1443 1234 1513 Romano
1250 1438 1490 1534 stipendiariam
1509 1435 1600 1511 facit.
1652 1440 1780 1532 Atque
1803 1431 1905 1506 itali·

550 1536 718 1609 bertatem
737 1537 971 1634 Reipublicae,
999 1558 1069 1607 tam
1092 1536 1226 1609 sortiter
1249 1559 1286 1606 ac
1308 1534 1449 1607 feliciter
1468 1559 1487 1604 a
1505 1531 1697 1623 majoribus
1719 1554 1904 1628 recupera·

552 1654 645 1713 tam,
672 1629 861 1715 adsertam,
888 1633 1126 1714 vindicatam,
1154 1632 1271 1704 ultimi
1290 1631 1523 1721 Asmonaeorum
1553 1623 1772 1702 contentiosa
1795 1628 1903 1700 ambi·

550 1732 647 1801 tione
665 1725 723 1801 sua
741 1734 884 1826 turpiter
905 1735 1054 1806 Romanis
1072 1728 1311 1827 prodiderunt.
1364 1734 1524 1818 Quorum
1550 1726 1690 1823 imperii
1718 1725 1898 1804 duritiem,

553 1849 683 1923 magno
700 1820 760 1897 suo
777 1826 892 1909 malo,
920 1851 1006 1900 mox
1025 1828 1158 1923 experti
1172 1820 1258 1899 sunt.
1307 1824 1393 1925 Jussr
1412 1826 1590 1921 regionem
1619 1822 1663 1893 de
1685 1823 1789 1921 Syris
1810 1820 1900 1894 bello

556 1943 689 2019 captam
708 1925 750 1994 iis
767 1922 937 1996 restituere
954 1950 965 1996 t
989 1918 1180 2019 &insuper
1200 1921 1280 2018 plus
1300 1948 1408 2019 quam
1428 1922 1549 1995 decem
1565 1917 1676 1993 millia
1687 1918 1900 2006 talentorum

554 2018 652 2090 brevi
675 2041 829 2117 tempore
851 2022 1017 2095 Romanis
1035 2021 1184 2118 pendere
1203 2016 1341 2092 subacti.

374 2109 522 2206 quQae
653 2120 735 2189 XL.
767 2121 948 2215 Hyrcanus
970 2138 1105 2198 autem,
1132 2141 1245 2215 quum
1267 2115 1310 2188 ab
1332 2113 1531 2212 Aristobulp
1556 2120 1808 2198 Romanorum
1830 2114 1901 2186 viu·

370 2186 642 2345 ffl'ffgssculis
660 2211 796 2297 elapso,
824 2218 861 2285 ὅ(
879 2211 952 2287 filio
975 2217 1046 2305 ejus
1064 2215 1271 2294 Alexandro,
1295 2215 1357 2287 vix
1377 2210 1410 2286 se
1428 2233 1601 2295 tueretur,
1631 2212 1819 2295 Gabinius,
1842 2215 1901 2308 Sy·

375 2347 435 2401 dem
454 2359 513 2398 „„.
553 2312 612 2383 riee
630 2308 776 2407 praeses,
806 2313 901 2401 cujus
922 2337 990 2408 ope
1010 2306 1167 2383 adversus
1179 2310 1315 2383 fratrem
1325 2310 1521 2409 indigebat,
1549 2309 1900 2409 resJudaeorumpoe·

373 2424 434 2479 dem
448 2436 535 2493 regem
556 2432 598 2479 ne
616 2433 680 2505 pro
702 2409 842 2483 arbitrio
855 2407 1029 2482 constituit
1050 2433 1060 2478 t
1087 2408 1124 2480 δε
1140 2412 1326 2502 ,synedrium
1343 2414 1496 2503 Magnum
1514 2409 1548 2480 in
1569 2409 1730 2505 quinque
1751 2429 1901 2480 conven-

305 2547 308 2553 -
374 2495 531 2589 attumne
553 2525 610 2576 tus
635 2506 799 2596 juridicos
830 2526 906 2578 tota
932 2507 1106 2602 provincia
1128 2500 1252 2579 divisrt.
1304 2503 1430 2597 (influe
1454 2504 1612 2585 deinde,
1640 2504 1902 2601 expeditionem

373 2587 531 2720 ζξὲξζῖζβ
554 2624 676 2694 contra
701 2601 844 2676 Parthos
863 2627 1020 2699 parans,
1058 2603 1093 2673 in
1112 2600 1269 2701 Judaeam
1287 2606 1444 2699 pervenit
1466 2648 1476 2683 ,
1504 2602 1749 2699 &pecuniam
1777 2595 1900 2674 sacram

514 2690 523 2707 '
553 2721 659 2793 quam
676 2701 861 2796 Pompeius
877 2724 951 2802 nort
964 2700 1139 2796 attigerat,
1163 2698 1208 2770 ad
1221 2698 1291 2770 duo
1311 2698 1421 2771 millia
1432 2699 1642 2771 talentorum
1659 2697 1830 2782 abstulit,
1850 2720 1902 2771 to·

551 2816 660 2888 toque
672 2796 818 2890 'reliquo
840 2820 947 2876 auro,
974 2797 1071 2884 cujus
1087 2790 1219 2868 summa
1232 2796 1415 2870 accedebat
1432 2796 1475 2868 ad
1498 2799 1575 2868 osto
1594 2794 1814 2870 talentorum
1823 2793 1899 2868 mil·

551 2888 619 2971 lia,
647 2890 818 2987 templum
835 2887 1006 2988 spoliavit.
1057 2891 1159 2963 Tulit
1180 2896 1284 2966 etiam
1308 2893 1440 2967 trabem
1465 2920 1508 2967 ex
1526 2916 1608 2964 auro
1626 2888 1807 2976 solidam,
1835 2913 1900 2965 tre-

550 3008 666 3059 centas
687 2991 796 3060 minas
815 2987 1035 3085 pendentem.
1086 2991 1185 3060 Mina
1203 3012 1318 3062 autem
1339 2991 1431 3089 apud
1460 2992 1598 3088 ludaeos
1616 2989 1748 3065 constat
1766 2989 1899 3064 duabus

551 3083 651 3159 libris
669 3108 747 3157 cum
768 3083 926 3158 dimidia.
978 3090 1157 3184 Hyrcanus
1173 3088 1311 3160 interim
1331 3089 1459 3178 Caesaris
1485 3109 1598 3186 partes
1619 3109 1740 3182 contra
1768 3095 1898 3182 Pompe·

545 3181 621 3279 jum
642 3180 871 3255 defendendas
886 3178 1027 3268 sumsrt3
1054 3187 1091 3255 &
1108 3183 1231 3256 utilem
1251 3187 1284 3256 ei
1308 3210 1446 3282 operam
1469 3212 1529 3284 per
1550 3189 1766 3281 Antipatrum
1787 3187 1828 3260 ist
1847 3185 1903 3258 ὦ·

551 3301 665 3380 gypto
688 3283 836 3354 navavit.
888 3280 1042 3377 Ideoque
1063 3281 1163 3370 Caefirr
1188 3283 1219 3353 ei
1239 3286 1442 3379 potestatem
1462 3278 1705 3367 confirmavit,
1735 3277 1900 3384 urbisque

551 3380 698 3460 moenia,
726 3403 746 3450 a
767 3379 935 3475 Pompeio
954 3376 1087 3461 diruta,
1114 3400 1154 3451 ut
1183 3379 1368 3453 restitueret
1389 3376 1539 3478 permisit
1560 3407 1568 3451 ε
1601 3383 1822 3476 Antipatrum
1843 3401 1903 3452 au·

550 3497 623 3547 tem
638 3477 773 3548 civitate
793 3481 950 3550 Romana
971 3478 1008 3546 δε
1031 3478 1249 3549 immunitate
1268 3476 1433 3560 donavit,
1465 3480 1501 3549 δε
1524 3483 1791 3552 Procuratorem
1812 3473 1903 3574 (aas.

551 3594 660 3664 eportet
674 3566 724 3653 (qi
740 3566 900 3663 opes-eim
914 3572 999 3643 dicit
1013 3571 1197 3667 Jofi’phusl
1220 3573 1352 3674 Judaeae
1374 3574 1558 3648 constituit.
1611 3576 1798 3674 Antipater
1819 3599 1902 3652 Vero

552 3690 665 3765 quum
685 3672 886 3764 Hyrcanum
904 3666 1078 3764 stupidum
1101 3693 1138 3741 ac
1159 3664 1299 3768 segnem
1317 3671 1621 3755 animadverteret,
1650 3672 1808 3764 Pbafieit‘lc‘
1829 3671 1901 3749 filio

522 3786 636 3839 ‘natu
661 3763 817 3837 maximo
837 3763 958 3836 urbem
982 3764 1328 3852 PIierofiiltmitanam,
1361 3791 1441 3842 cum
1474 3771 1715 3843 circumvicina
1743 3772 1901 3870 regione,

551 3855 745 3945 commifit3
769 3864 912 3942 Herodi,
937 3856 1082 3934 secundo
1100 3858 1204 3945 filio,
1233 3863 1415 3939 Galilaeam
1428 3866 1610 3941 curandam
1626 3865 1746 3949 dedit,
1774 3893 1903 3966 quam-

552 3961 606 4028 vis
628 3955 820 4029 admodum
837 3954 1069 4038 adolescenti,
1106 3985 1168 4031 nec
1191 3956 1370 4035 excedenti
1393 3988 1520 4036 annum
1542 3963 1900 4061 quintumdecimum.

551 4049 737 4150 Rebusque
759 4054 806 4125 ita
825 4056 860 4124 in
884 4053 1023 4127 familiae
1040 4051 1107 4128 suae
1127 4058 1352 4132 commodum
1372 4086 1409 4132 ac
1428 4060 1557 4144 decus,
1586 4085 1630 4135 ex
1642 4062 1752 4134 animi
1763 4057 1903 4138 senten-

463 4196 466 4201 ·
551 4150 619 4230 tia,
650 4151 831 4232 ordinatis,
861 4151 982 4249 paullo
1006 4152 1082 4251 post
1102 4179 1259 4239 veneno,
1288 4182 1307 4227 a
1326 4158 1456 4231 Malcho
1477 4159 1587 4231 Arabe
1607 4205 1618 4242 ,
1648 4160 1710 4257 qui
1732 4164 1902 4259 Hyrcano

372 4251 375 4266 '
550 4247 726 4345 apoculis
745 4247 880 4331 suerat,
907 4248 1059 4323 sublatus
1077 4250 1134 4326 est.
1187 4257 1272 4326 Eam
1302 4277 1439 4352 captans
1473 4251 1681 4329 occasronem
1706 4260 1902 4354 Antigonus,

550 4342 738 4416 Aristobuli
762 4341 851 4419 filius
870 4392 881 4430 ,
909 4347 1094 4422 Galilaeam
1113 4374 1217 4424 manu
1235 4352 1457 4425 tumultuaria
1477 4349 1617 4442 invasit3
1642 4351 1746 4428 facile
1766 4352 1813 4429 ab
1832 4361 1900 4433 He·

549 4445 626 4518 rode
648 4436 824 4542 repressus.
889 4444 1049 4523 Herodes
1069 4444 1141 4549 ipse
1170 4471 1285 4527 rerum
1313 4449 1482 4551 gestarum
1503 4451 1619 4553 gloria
1650 4445 1900 4628 iudai-elstane,

1783 4575 1901 4651 yrcam
