4667 5442
520 458 692 617 '332
843 410 1551 617 Exrncrrarro
1622 473 1743 580 XIII.
1853 411 1858 434 ἱ

592 656 700 731 Extra
709 643 841 739 fidere?
865 646 928 743 qul
944 644 1056 743 potest
1072 643 1087 716 ἓ
1113 645 1200 719 coelo
1220 669 1307 719 certe
1323 648 1450 744 tegitur
1466 673 1477 721 r
1501 642 1561 719 sed
1576 648 1706 737 majora
1722 643 1828 721 sidera
1846 647 1941 737 acci·-¹

593 774 638 845 pe
660 794 671 831 ,
699 766 756 819 aut
771 739 956 825 Planetas,
985 745 1047 841 qui
1063 744 1150 814 intra
1163 748 1198 814 T
1199 746 1336 842 ropicos
1348 747 1543 819 decurrunt.
1592 745 1677 819 Ideo
1691 744 1809 827 addit,
1836 744 1937 817 velut

593 847 848 941 interpretans,
886 862 980 912 extra
1007 845 1081 911 anni
1101 843 1144 912 (a
1157 839 1234 927 solit
1253 843 1331 914 viar.
1381 845 1474 939 Ergo
1499 841 1590 914 ultra
1607 842 1797 914 Torridam
1815 839 1933 915 locat:

593 965 717 1036 nempe
732 946 879 1035 ἆπᾶξονα
897 936 992 1009 illam
1014 935 1134 1017 nobis,
1164 939 1200 1008 δι
1219 958 1455 1033 temperatam.
1505 944 1599 1011 Nam
1620 937 1664 1009 de
1680 940 1818 1013 Atlante
1834 935 1936 1035 quod

592 1034 771 1119 scribitur,
799 1063 868 1109 non
890 1034 933 1104 de
952 1032 1017 1104 illo
1038 1032 1158 1104 Africae
1179 1033 1372 1131 intelliges,
1400 1030 1514 1108 sedde
1532 1033 1617 1116 isto,
1644 1058 1751 1131 quem
1764 1034 1866 1107 Plato
1880 1057 1936 1108 ce·

592 1133 759 1216 lebravit,
787 1136 823 1205 δι
840 1126 987 1228 regnalse
1005 1130 1040 1199 in
1060 1129 1102 1199 iis
1124 1127 1211 1200 locis
1226 1124 1350 1214 scribit,
1402 1135 1477 1212 Eo,
1500 1132 1638 1228 inquit,
1659 1128 1835 1228 Augustus
1851 1154 1934 1227 pro-

526 1256 528 1259 ’
591 1229 678 1304 feret
698 1230 894 1327 imperium.
947 1225 1176 1299 Memorabile
1196 1223 1242 1297 est
1266 1225 1364 1324 quod
1384 1230 1534 1301 AEiiarnn
1567 1249 1646 1302 ιιι.
1666 1228 1789 1311 Hiiior.
1808 1230 1932 1306 refert,

590 1328 728 1399 Silenum
748 1319 886 1397 narralle
906 1325 1023 1395 maa.-
1050 1325 1228 1419 Europam,
1251 1320 1360 1412 Afiam
1380 1378 1390 1404 ‚
1415 1327 1578 1419 Lydiam,
1600 1321 1715 1413 insulan
1731 1328 1853 1398 Oceano
1870 1325 1933 1397 cir·

455 1499 466 1520 .
590 1421 744 1512 eumfirsm
763 1419 840 1512 effi,
864 1436 957 1491 extra
973 1444 1025 1491 ear
1045 1424 1249 1491 continentem
1269 1423 1422 1514 quandam
1446 1414 1574 1507 infinita
1591 1422 1809 1511 magnitudinis
1830 1464 1844 1503 ‚
1868 1442 1934 1516 qna

589 1522 712 1592 nutriat
720 1523 858 1610 grandia
871 1516 1044 1593 animalia,
1068 1516 1112 1586 (θ’
1130 1516 1267 1589 homines
1286 1517 1379 1611 dupio
1396 1515 1531 1608 majores
1554 1514 1647 1589 &lo
1685 1518 1815 1590 teniores
1837 1539 1933 1614 qnam

591 1614 687 1696 madri
698 1613 782 1702 sunt.
836 1612 956 1690 Ibidem
975 1608 1032 1701 effe
1051 1633 1174 1709 magnae
1193 1615 1366 1695 civitates,
1389 1610 1512 1700 diversa
1532 1618 1606 1684 vitae
1623 1538 1765 1693 inilituta
1784 1617 1829 1688 (θ’
1849 1614 1931 1707 leger

591 1710 697 1795 nrrslria
715 1714 899 1784 contrariae.
950 1708 1107 1798 Adiecit:
1134 1709 1214 1780 lianc
1231 1730 1350 1779 terram
1365 1709 1510 1802 poffidere
1520 1712 1673 1801 grandem
1691 1711 1760 1781 vion
1789 1714 1866 1782 auri
1879 1727 1929 1780 at·

590 1832 652 1907 qne
670 1813 793 1900 argenti
802 1839 816 1890 ‚·
842 1811 913 1887 ita,
935 1822 972 1877 ut
994 1808 1078 1877 inter
1104 1806 1231 1901 populos
1250 1808 1374 1878 minoen
1386 1808 1485 1899 pretii
1500 1803 1563 1894 fint
1584 1828 1678 1900 quarn
1694 1808 1777 1898 apud
1796 1833 1853 1877 nos
1865 1800 1930 1894 fer·

589 1930 673 1978 rum.
724 1908 791 1977 Hae
814 1900 890 1976 sunt
908 1924 1041 1998 magnae
1055 1897 1279 1982 illaeinsulae,
1307 1900 1491 1996 dequibus
1510 1926 1553 1972 ex
1577 1896 1755 1982 Aristotelio
1776 1905 1814 1974 &
1833 1904 1930 1976 Theo·

583 1998 707 2099 plnasti
733 2022 847 2072 mente
871 1999 1029 2093 Apuleius
1048 1994 1146 2071 Libro
1165 2001 1203 2070 de
1232 2002 1363 2071 Mundo.
1413 2005 1452 2069 ln
1480 2004 1597 2069 Seneca
1626 1995 1780 2085 Suasoriir
1805 2001 1928 2071 Avitus

589 2097 748 2178 testatur,
776 2119 964 2170 communem
977 2098 1152 2189 opinionem
1166 2096 1291 2191 jar'iari
1311 2122 1322 2167 .·
1348 2094 1486 2167 fertiles
1507 2097 1538 2165 in
1552 2099 1672 2167 Oceano
1679 2094 1788 2185 jacere
1802 2096 1928 2184 insudat,

591 2220 801 2286 urrnrer
822 2218 891 2266 enm
907 2190 1013 2279 rursm
1029 2191 1095 2263 alia
1113 2192 1227 2265 littora
1248 2246 1258 2271 ‚
1284 2212 1413 2264 aurun
1435 2191 1544 2279 jacere
1565 2214 1711 2262 oneum·
1764 2194 1928 2289 Denique

590 2316 701 2390 quum
722 2290 943 2363 Marcellinus
960 2291 1098 2386 inquit,
1128 2296 1166 2362 In
1180 2291 1342 2363 Atlantico
1362 2292 1444 2361 mari
1469 2292 1616 2384 Europaeo
1635 2282 1710 2362 orbe
1724 2292 1837 2384 potior
1851 2287 1932 2379 infro'

588 2390 642 2473 la,
666 2414 780 2469 nonne
794 2387 985 2459 Americam
1003 2387 1113 2483 digito
1127 2384 1220 2482 quasi
1239 2384 1407 2458 ostendit?

411 2506 522 2576 xxm,
686 2488 821 2558 XXlll.
848 2485 1032 2555 Enimvero
1053 2482 1179 2554 indicia
1207 2506 1350 2579 quoque
1378 2486 1527 2557 Romani
1560 2484 1756 2557 commercii
1778 2484 1929 2557 interris

410 2588 537 2717 ww
571 2580 659 2656 .istis
684 2580 810 2654 exstare
830 2601 1014 2653 narrantur.
1064 2579 1101 2649 si
1124 2573 1286 2675 Hispanis
1304 2578 1495 2651 auiloribus
1510 2578 1621 2662 fides,
1649 2580 1800 2653 inludia
1827 2581 1929 2656 Occi-

410 2736 510 2797 inditra
539 2807 557 2825 ..

410 2826 564 2870 “mmmm

482 2656 528 2748 2¹⁶³
588 2677 739 2757 dentali,
768 2679 803 2748 in
818 2675 905 2747 valle
918 2699 997 2769 quae
1009 2681 1128 2745 Comen
1142 2674 1267 2746 dicitur
1276 2721 1287 2756 ,
1315 2676 1349 2745 in
1364 2677 1541 2748 Provincia
1553 2676 1640 2749 (bili
1648 2731 1659 2758 ,
1685 2676 1860 2773 oppidum
1872 2703 1929 2750 ex·

588 2771 669 2854 stat,
697 2772 797 2868 quod
812 2768 990 2866 Imperiale
1006 2771 1051 2841 ob
1068 2769 1153 2843 hanc
1173 2766 1313 2843 trullam
1334 2774 1534 2854 nominant,
1563 2776 1728 2870 quoniam
1752 2776 1788 2845 in
1808 2775 1928 2871 pleris-

586 2894 656 2967 que
676 2865 840 2938 domrbus
860 2891 898 2936 ac
918 2867 1026 2959 portis
1049 2888 1244 2962 repererunt
1260 2867 1391 2963 aquilas
1411 2870 1566 2965 bicipites
1586 2917 1596 2951 ‚
1626 2869 1787 2942 formatas
1811 2892 1853 2943 ut
1866 2870 1928 2943 ho·

586 2969 644 3038 die
662 2963 821 3036 videmus
841 2963 877 3034 in
899 2963 1048 3031 Romani
1068 2964 1205 3058 Imperii
1225 2959 1352 3058 signis:
1381 2964 1459 3037 teste
1477 2968 1585 3059 Lanfio
1606 2973 1696 3039 Orat.
1712 2988 1826 3039 romra
1842 2968 1928 3063 disp.

581 3082 616 3163 p,
635 3080 716 3154 515.
770 3057 873 3135 Unde
887 3080 970 3128 vero
990 3057 1059 3129 istae
1077 3058 1236 3155 bicipites
1253 3060 1400 3154 aquilae,
1429 3059 1488 3134 nisr
1505 3063 1545 3134 ab
1565 3066 1742 3159 Europaeis
1762 3061 1776 3133 ἰ
1803 3065 1925 3141 Robo-

583 3181 635 3237 rat
654 3160 880 3248 conjecturam
902 3199 913 3234 ‚
941 3153 1040 3250 quod
1060 3154 1154 3227 nulla
1174 3157 1209 3226 in
1233 3153 1339 3227 isthoc
1367 3161 1472 3229 trailu
1493 3158 1609 3256 biceps
1631 3164 1703 3232 avis
1721 3161 1925 3244 inveniatur,

582 3254 675 3330 unde
695 3252 903 3351 Symbolum
924 3271 1039 3345 petere
1058 3253 1247 3348 potuerint.
1299 3253 1398 3324 Adde
1413 3256 1511 3350 quod
1528 3259 1702 3330 Marinaeror
1722 3259 1851 3331 Siculus
1864 3281 1926 3331 tra·

582 3353 636 3425 dir
652 3351 736 3429 Hid.
760 3349 887 3443 Hispan.
904 3344 960 3417 lib.
979 3372 1039 3419 xv.
1068 3372 1209 3421 aureum
1238 3373 1419 3422 nummum
1448 3352 1626 3424 inventum
1657 3354 1704 3424 ibi
1724 3350 1823 3425 fuille
1852 3379 1926 3427 curn

581 3450 694 3547 effigie
716 3440 998 3537 Caessrr‘rAngnfli.
1049 3448 1164 3533 Quem
1187 3472 1207 3517 n
1236 3471 1368 3517 mmum
1391 3445 1436 3515 ob
1457 3447 1759 3521 admirabilitatem
1773 3446 1870 3523 suam
1884 3449 1924 3522 ad

504 3580 514 3590 r
582 3540 756 3618 summum
776 3536 977 3615 Pontificem
990 3470 1341 3624 transmutatione,
1358 3541 1498 3616 ortelius
1507 3544 1656 3621 testatur.
1707 3546 1817 3623 Unde
1828 3572 1925 3622 num·

586 3663 665 3711 mus
684 3638 744 3709 iste
756 3684 767 3719 ‚
795 3633 853 3708 nisi
867 3660 911 3707 ex
931 3640 1068 3732 Europa
1088 3680 1099 3715 ‚
1127 3635 1188 3707 ubi
1209 3633 1330 3710 tusus?

405 3746 577 3816 mulda·
672 3736 822 3805 ’ΧΧΝο
848 3738 975 3827 Neque
993 3732 1155 3803 omnibus
1172 3731 1310 3805 indiciis
1329 3731 1398 3807 illis
1419 3742 1550 3834 opponi
1573 3765 1634 3837 par
1660 3740 1705 3813 est
1724 3744 1869 3818 unicum
1885 3742 1924 3817 il-

398 3827 488 3906 gn'en‘r
500 3825 557 3879 orm
584 3827 645 3902 lud
662 3829 704 3899 de
723 3829 866 3928 Pyxidis
884 3828 1028 3899 nauticae
1047 3826 1208 3909 defertu,
1236 3824 1362 3925 absque
1383 3857 1451 3929 qua
1473 3858 1543 3908 tam
1563 3837 1674 3909 vastus
1693 3844 1857 3913 Oceanus
1868 3867 1924 3912 na.

398 3903 740 4023 8“bm⁴''*vigabilis
763 3922 898 3996 nonsit.
951 3929 1034 3995 Nor
1055 3924 1147 3995 enim
1170 3949 1260 3997 certo
1287 3926 1444 4011 constat,
1482 3937 1623 4005 Veteres
1649 3959 1688 4004 ea
1707 3935 1810 4031 plane
1835 3931 1924 4010 fuille

402 3996 531 4131 {Zrzffi
580 4022 773 4132 destitutum
823 4017 984 4134 Niroiam
1015 4020 1158 4133 fuderim
1173 4022 1352 4116 profundae
1385 4029 1616 4138 eruditionis,
1652 4030 1922 4130 limatillrmique

400 4130 538 4264 iiiii?
578 4112 1924 4308 ltili?'ndlltlglriltlldllib'irlllll§liziniiPili.

399 4280 532 4345 ΜΨ·
575 4310 732 4383 habiliter
752 4310 929 4397 conicitari
951 4302 1043 4405 polle
1067 4308 1270 4393 existimat,
1299 4314 1468 4389 Solomonia
1490 4317 1527 4388 id
1558 4315 1621 4389 elle
1647 4321 1853 4403 inventum,
1881 4322 1922 4395 ab

574 4431 617 4484 eo
636 4404 787 4482 didicille
809 4410 933 4506 Tyrios.
983 4407 1021 4481 Si
1037 4406 1182 4506 qudem
1200 4409 1361 4485 novimus
1374 4413 1599 4525 Salomonem
1618 4437 1689 4492 tam
1701 4419 1918 4594 incomplqra-

1690 4533 1695 4541 ·
1866 4540 1918 4591 eru
