4667 5442
592 473 712 629 336*
824 498 1534 593 Ennomon-10
1604 491 1734 590 XIV.

634 665 766 739 llionem
795 659 937 734 habiturn
959 655 1038 751 fnit.
1088 656 1187 732 XIV.
1211 660 1347 730 Interim
1373 657 1406 728 in
1434 655 1619 754 longinquat
1635 670 1746 732 'terrae
1772 648 1935 752 profeant

636 760 799 859 Apollolos
819 763 891 830 inde
912 754 1157 851 Hierosolymam
1174 750 1316 844 rediiffe,
1342 776 1383 824 ex
1388 750 1487 840 scocris
1504 779 1563 827 non
1574 754 1673 850 liquet
1722 754 1798 829 XV.
1826 752 1934 828 necte.

630 858 750 950 fiaflica
771 860 808 928 de
825 856 887 936 illic
903 850 1097 949 temporibus
1118 869 1313 922 monumenta
1321 848 1444 938 scatent
1457 845 1588 939 fiabnlie.
1640 850 1742 925 XVI.
1768 855 1862 926 Ante
1873 872 1934 921 tx·

635 959 750 1029 cidinm
770 960 811 1026 H
815 949 1057 1044 'eroftrlymornm
1075 951 1206 1019 nondrcm
1218 945 1426 1040 Euangelium
1443 945 1582 1019 ommibus
1594 943 1773 1041 &finguln'r
1782 943 1934 1051 gentila

627 1055 829 1150 predicatum
850 1068 934 1119 erat.
985 1047 1102 1120 XVII.
1127 1044 1245 1139 Qum
1271 1050 1404 1116 Marone
1432 1040 1596 1137 Apostolos
1618 1044 1733 1139 ulique
1751 1036 1935 1139 pradicaffe

633 1151 733 1227 dicit,
756 1146 855 1218 multa
872 1164 929 1216 ant
946 1147 1062 1237 quavis
1083 1140 1152 1213 loca
1172 1140 1315 1234 intelligit
1327 1137 1395 1228 fine
1406 1142 1592 1234 exceptione.
1641 1143 1784 1213 XVIII.
1814 1141 1933 1215 Eodem

503 1311 506 1318 .
630 1243 720 1335 senfie
732 1242 852 1317 Paulus
867 1257 933 1313 toto
946 1234 1021 1309 orbe
1038 1236 1246 1329 Euarcgelr'um
1256 1238 1474 1307 annunciatum
1480 1232 1606 1322 scribit.
1656 1242 1758 1311 XIX
1781 1235 1932 1311 Netalr'-

633 1362 685 1417 ter
702 1333 920 1435 exponipotesl
935 1338 1016 1431 qnod
1030 1332 1234 1405 decelebrata
1245 1336 1280 1405 in
1297 1352 1363 1405 toto
1374 1336 1487 1403 mundo
1506 1337 1718 1406 Romanorum
1725 1329 1793 1421 fide
1803 1351 1929 1406 narrat.

634 1443 717 1513 XX.
742 1434 934 1529 Explicatur
953 1435 1045 1503 Rom.
1061 1453 1108 1501 x:
1138 1450 1193 1519 17.
1250 1434 1351 1501 XXI.
1379 1431 1588 1523 Respondetur
1607 1429 1653 1501 'ad
1681 1437 1822 1503 Patrurn
1838 1428 1931 1502 ditia

633 1538 758 1609 XXII.
785 1535 838 1604 En
857 1530 1013 1602 communi
1032 1528 1100 1598 Dei
1111 1523 1318 1618 φιλανθρωπίᾳ
1339 1526 1490 1597 nonlicet
1515 1523 1662 1615 inferre,
1685 1531 1768 1624 qnod
1789 1524 1931 1599 orrmt‘brtt

626 1628 722 1723 fimnl
738 1622 885 1722 gentibus
900 1625 1063 1722 predicari
1085 1619 1229 1694 debuerit
1250 1621 1458 1714 Evangelinm
1481 1648 1492 1691 .·
1542 1627 1688 1696 XXIII.
1716 1641 1776 1695 aut
1796 1626 1928 1697 Ameri-

631 1731 714 1800 caan
737 1727 920 1797 nominatim
935 1722 1136 1815 predicatum
1150 1713 1194 1805 fit
1207 1736 1268 1812 per
1286 1714 1460 1812 Apollolos.
1511 1718 1644 1792 XXIV.
1671 1718 1759 1815 Qa
1777 1723 1817 1792 de
1841 1724 1927 1815 Apo·

625 1822 713 1909 stolio
734 1817 839 1895 orbern
862 1816 997 1905 intense
1019 1835 1177 1887 terrartan
1193 1812 1403 1908 partientibus
1423 1839 1503 1889 anno
1523 1814 1650 1888 Claudii
1672 1840 1704 1888 2.
1726 1814 1841 1901 Chresti
1863 1839 1923 1909 44

632 1935 830 1995 narrantur,
853 1914 963 2010 palam
974 1908 1212 2001 fabulosasnnt.
1261 1912 1377 1986 XXV.
1403 1915 1462 1985 Uti
1480 1914 1523 1983 (u
1539 1936 1578 1983 ea
1604 1935 1669 2009 qua
1686 1937 1707 1982 a
1719 1910 1854 2008 fingulir
1871 1933 1926 2010 pa-

633 2034 721 2090 trata
743 2017 895 2104 dictantur.
945 2009 1081 2083 XXVI.
1107 2011 1318 2083 Nominatim
1348 2006 1470 2081 Tlroma
1500 2012 1583 2103 apud
1611 2013 1705 2081 Indos
1729 2014 1925 2105 praedieatio·

631 2112 791 2189 XXVII.
817 2110 878 2180 Cui
901 2110 1051 2201 originem
1062 2108 1149 2177 dedit
1164 2107 1297 2177 alterius
1320 2101 1444 2178 Tloma
1464 2106 1563 2176 multo
1585 2110 1765 2180 recentioris
1787 2106 1923 2190 historia.

631 2208 805 2286 XXVIII.
830 2206 1020 2300 Ineptrffime
1037 2203 1172 2277 Ilromm
1186 2227 1206 2271 a
1220 2199 1442 2273 Malabarr'buo
1460 2205 1501 2272 acl
1520 2201 1721 2291 Brafilienses
1736 2205 1925 2300 transporta·

631 2327 699 2381 tur.
751 2307 887 2377 XXIX.
913 2300 1082 2396 Nusquam
1097 2302 1175 2370 dicit
1194 2299 1423 2392 Meeplrorrn‚
1449 2300 1635 2370 Matthanm
1657 2306 1740 2394 apul
1765 2300 1923 2373 Canniba·

629 2406 677 2479 los
693 2396 895 2498 pradicoffe5
921 2400 963 2472 Θ
986 2399 1168 2494 quaelicet,
1193 2394 1328 2466 ridicula
1338 2394 1425 2481 sunt.
1477 2401 1595 2469 XXX.
1623 2396 1711 2491 Qu
1730 2401 1770 2469 de
1804 2401 1923 2472 Veteris

623 2495 854 2596 ⁸christianismi
874 2496 1014 2591 reliquiis
1024 2496 1058 2563 t'n
1070 2494 1222 2565 America
1232 2514 1416 2583 narrantur,
1435 2488 1567 2583 fortaffe
1579 2491 1657 2581 filla
1670 2494 1755 2581 sunt.
1785 2499 1921 2588 XXXI·

630 2603 704 2675 Ant
724 2592 754 2685 fi
771 2619 884 2674 vera,
917 2616 976 2664 non
991 2591 1064 2677 sunt
1087 2607 1270 2683 argumenta
1295 2588 1530 2677 Clerillianelmi.
1581 2595 1739 2664 XXXII.
1766 2595 1924 2691 Quodam

626 2717 753 2770 eorum,
781 2710 838 2760 ant
857 2714 936 2760 vera
955 2705 1012 2758 aut
1022 2680 1099 2772 filla
1117 2687 1233 2757 indicia
1252 2702 1360 2779 prava
1380 2684 1612 2781 superstitioni.
1662 2693 1848 2763 XXXIII.
1874 2696 1923 2762 In·

518 2815 523 2830 ·
628 2794 754 2880 cognita
781 2783 943 2857 veteribuo
962 2787 1112 2863 Amerina
1136 2780 1212 2866 fnit.
1263 2785 1435 2856 XXXIV.
1463 2789 1519 2856 De
1544 2785 1721 2856 Atlantica.
1776 2784 1921 2860 XXXV.

628 2892 686 2962 De
710 2883 887 2954 Phoenicum
908 2876 1156 2971 navigationibus
1173 2901 1214 2946 ex
1234 2880 1389 2950 Bocharto
1406 2882 1449 2951 (9¹
1465 2879 1623 2967 Salmalio.
1674 2884 1849 2956 XXXVI.
1870 2888 1921 2958 De

627 2982 749 3078 Oplrr'r,
773 2982 807 3051 in
827 2976 984 3050 Orientali
998 2976 1106 3070 potino
1126 2976 1219 3045 India
1233 2980 1416 3070 querenda,
1453 2977 1645 3051 XXXVII.
1671 3002 1767 3074 qnam
1790 2984 1824 3051 in
1839 2983 1923 3053 Occi·

627 3077 757 3151 dentali.
806 3074 1021 3148 XXXVIII.
1047 3072 1147 3144 Dilla
1165 3076 1301 3166 quadam
1322 3094 1468 3143 veterum
1480 3075 1615 3166 ampliue
1630 3072 1768 3171 probare
1784 3102 1844 3150 non
1856 3073 1921 3173 pos·

496 3193 498 3198 '
622 3175 724 3268 sunt,
747 3195 842 3273 quarn
863 3168 942 3265 ipsos
970 3171 1008 3240 de
1027 3192 1109 3241 novo
1139 3164 1214 3239 orle
1246 3168 1367 3264 aliquid
1393 3168 1541 3261 audiviffe
1570 3173 1624 3242 vel
1644 3173 1817 3269 suspicatos
1841 3170 1918 3266 aller

627 3296 720 3372 quem
737 3289 842 3342 tannen
860 3292 950 3340 nemo
965 3270 1188 3359 Europaorum
1209 3268 1336 3337 viderit.
1388 3272 1560 3340 XXXIX.
1588 3274 1763 3364 Biet'pitnrn
1784 3271 1919 3370 Aquila-

626 3394 704 3443 rum·
724 3385 823 3463 tgna,
846 3368 891 3439 &⁴
907 3386 1054 3436 nummus
1071 3360 1204 3457 Augusti
1214 3416 1226 3443 ,
1249 3370 1424 3436 commentia
1438 3363 1618 3451 recensenda
1628 3365 1714 3454 funt.
1767 3375 1846 3443 XL
1857 3378 1918 3442 Cur

626 3486 721 3540 veruo
736 3488 806 3538 cnm
827 3463 1027 3536 Americanr'o
1045 3462 1260 3532 commercium
1280 3482 1328 3533 tot
1341 3461 1449 3548 seculis
1464 3465 1674 3557 interruptum
1683 3460 1817 3554 fuerit,
1840 3462 1919 3556 caefi

622 3562 660 3653 la
686 3565 750 3633 dici
779 3584 839 3633 non
868 3554 979 3653 potest.
1038 3560 1137 3628 XLI.
1174 3559 1304 3651 Pyxiclie
1333 3563 1464 3629 nautica
1492 3557 1562 3644 usur
1591 3559 1701 3654 priscis
1734 3565 1916 3659 incognitus.
1956 3616 1966 3631 .

627 3662 748 3732 XLII.
773 3654 941 3728 sunnonis
949 3651 1137 3747 sapientiam
1153 3676 1189 3725 eo
1201 3651 1406 3748 pcrtinntffa‚
1426 3680 1484 3725 non
1500 3655 1611 3751 liquet.
1661 3663 1810 3735 XLIII.
1837 3662 1917 3768 tigl-

586 3772 588 3775 ’
628 3782 716 3834 unua
734 3746 946 3833 nloonmab
962 3749 1103 3822 Hercule
1121 3746 1244 3841 Tyrio,
1264 3750 1319 3837 secl
1332 3750 1374 3823 ab
1390 3748 1468 3822 urle
1481 3755 1638 3826 Heraclea
1646 3754 1755 3828 tinus.
1793 3756 1916 3832 XLIV·

626 3854 779 3928 Boclrarti
803 3851 844 3920 acl
874 3845 1031 3920 Fullerran
1050 3841 1289 3935 observationes.
1349 3849 1460 3921 XLV.
1496 3855 1577 3922 Non
1594 3849 1709 3934 conllat
1735 3858 1917 3928 American

624 3945 697 4023 orbi
714 3944 813 4030 nollro
830 3943 885 4016 uel
900 3943 1072 4019 coherere.
1096 3940 1151 4012 vel
1165 3946 1359 4037 proximare.
1410 3946 1541 4021 XLVI.
1568 3949 1918 4047 DemiroeulofirApr·

618 4045 770 4131 stolorum
802 4036 968 4114 itineribus
988 4039 1085 4129 saera
1123 4037 1223 4112 litera
1255 4040 1334 4112 nihil
1372 4045 1492 4116 elocent.
1565 4046 1719 4126 XLVII.
1755 4049 1914 4148 Epilogus.

624 4142 800 4222 XLVIII.
825 4136 933 4214 Solida
953 4137 998 4213 θ’
1008 4140 1067 4237 pio
1090 4134 1202 4214 Vortii
1225 4135 1413 4231 obseruatio.

1698 4439 1913 4642 No...
