4667 5442
556 500 652 619 248
822 483 1690 585 Exrncrra‘rroXl.

552 658 705 753 denique
724 652 771 725 ob
794 655 1036 753 aquaedudum
1059 650 1160 724 illum
1189 651 1284 742 cujus
1304 650 1437 722 mentio
1463 646 1510 734 est
1530 672 1565 722 2.
1584 651 1674 749 Reg.
1697 672 1774 725 xx:
1801 672 1864 726 20.
1886 650 1918 725 at

553 752 649 827 Neh.
666 775 746 826 111:
764 773 817 843 ις.
872 753 995 824 Verius
1016 772 1130 822 tamen
1150 748 1321 820 arbitror:
1348 750 1473 843 Syrum
1490 747 1715 844 interpretem
1724 750 1918 847 genuinam

556 850 653 923 vocis
669 849 855 923 lamonem
874 841 1061 945 expressisse
1076 865 1179 929 ernon
1199 863 1289 929 nu,
1314 847 1438 916 domum
1452 847 1568 935 gratia
1588 895 1601 924 ,
1625 840 1693 916 sive
1718 841 1917 919 misericor·

555 947 636 1020 diae.
688 952 812 1022 Domus
831 947 917 1018 diua
935 945 999 1016 fuit
1005 939 1161 1048 piscina,
1189 966 1260 1014 non
1277 937 1391 1014 solum
1404 940 1486 1035 quia
1499 937 1640 1013 Hebraei
1652 940 1780 1014 locum
1792 965 1918 1039 quern-

556 1068 706 1141 cumque
730 1068 772 1114 eo
794 1044 932 1115 nomine
951 1042 1123 1139 delrgnare
1141 1036 1276 1119 solent,
1305 1036 1405 1134 quod·
1423 1041 1584 1107 Gomarua
1607 1033 1839 1123 observavit,
1863 1034 1917 1110 sed

557 1142 696 1239 &quia
718 1140 762 1212 ad
788 1138 949 1238 piscinam
976 1135 1061 1209 hanc
1088 1162 1203 1208 revera
1232 1133 1393 1206 niueum
1423 1130 1489 1202 suit
1519 1127 1706 1206 aedificimn
1736 1134 1913 1232 aliquod,

557 1243 714 1336 quinque
727 1237 926 1335 porticubus
940 1233 1116 1315 cunilam,
1145 1229 1357 1327 excipiendis
1370 1228 1483 1394 agris.
1536 1233 1675 1303 Domus
1697 1253 1827 1303 autem
1843 1257 1916 1328 gra·

556 1344 609 1407 tia
630 1339 665 1406 ὃ(
694 1329 966 1415 misericordiae,
991 1355 1061 1400 non
1087 1330 1134 1400 ob
1159 1327 1343 1399 humanam
1366 1320 1479 1395 soum
1511 1321 1815 1410 beneficentiam,
1851 1351 1916 1427 qua

557 1430 705 1528 benigne
723 1426 825 1501 fiebat
842 1423 995 1512 miseris,
1020 1420 1078 1498 sed
1090 1427 1262 1526 praecipue
1281 1420 1328 1494 ob
1347 1417 1513 1493 Divinam
1526 1420 1624 1494 illam
1640 1425 1823 1523 gratiam,
1851 1449 1916 1525 qua

559 1522 762 1601 miraculose
778 1527 989 1633 curabantur.
1087 1619 1093 1630 Ι
1264 1621 1273 1642 ’
1305 1610 1316 1635 ⁸
1366 1615 1383 1634 a
1571 1616 1589 1635 κ

382 1615 1153 1819 ἒξἕξ....φριὲἷὲιἙὶῗίἷξὲἳῗξέῗῗὲι
1168 1618 1918 1816 355,il,l,fifif?lm‘ilim

376 1798 659 1898 interimunt,
687 1813 784 1883 adan
801 1831 935 1909 portam.
984 1818 1040 1884 De
1063 1810 1126 1882 hac
1144 1814 1238 1883 enim
1262 1806 1383 1881 diserte
1412 1808 1563 1904 legimus
1581 1808 1675 1883 Neh.
1706 1837 1802 1893 1112
1831 1817 1917 1891 r.&

384 1898 421 1938 ⁸⁴
437 1879 628 1989 S'm'rtrr
646 1940 656 1987 ε
679 1936 736 2006 39.
788 1909 1021 2011 crediturque
1040 1904 1082 1980 fic
1099 1906 1210 1987 dina,
1239 1908 1337 2005 quod
1351 1931 1413 2003 per
1429 1929 1504 1975 eam
1521 1905 1671 2016 pecudes
1689 1912 1854 1987 victimis
1867 1913 1916 1985 di.

561 2032 644 2086 catae
660 2013 696 2082 in
712 2009 833 2082 urbem
854 2005 1068 2080 ducerentur.
1119 2013 1258 2078 Portam
1277 1999 1363 2076 banc
1379 1997 1475 2074 sitam
1487 1998 1579 2076 frulle
1592 1998 1711 2080 versus
1730 2010 1916 2084 meridiem

561 2107 753 2183 rationibus
771 2104 908 2203 aliquot
926 2100 1105 2177 contendit
1116 2106 1161 2176 Li
1180 2097 1319 2191 hrfootua
1337 2105 1456 2173 Herm.
1474 2104 1583 2174 ravan.
1591 2120 1625 2198 p.
1636 2117 1655 2190 ς
1666 2125 1725 2192 32.
1741 2107 1785 2180 δι
1802 2109 1843 2180 in
1862 2103 1916 2195 dis

582 2203 727 2296 uisttioae
762 2200 1012 2296 chorographica
1036 2124 1190 2298 pratalia
1212 2199 1369 2290 johanni.
1391 2204 1469 2292 Cap.
1489 2220 1524 2270 v.
1552 2205 1728 2298 Putatque
1748 2199 1916 2302 piscinam

561 2229 649 2376 lianc
668 2300 811 2374 eandem
834 2289 927 2370 fuisse
944 2323 1049 2397 quam
1067 2295 1200 2393 ¹Josepb.
1210 2301 1248 2369 de
1262 2293 1333 2368 Bel.
1344 2297 1429 2385 jad.
1445 2296 1519 2367 Lib.
1528 2320 1564 2368 v.
1577 2304 1653 2390 Cap.
1670 2319 1792 2376 1111.
1820 2295 1918 2376 vitat

561 2404 722 2484 Piscinam
742 2397 935 2476 Salomoni,
963 2397 1058 2483 cujus
1081 2418 1188 2491 aquas
1201 2391 1361 2464 deduiias
1379 2389 1486 2464 credit
1500 2417 1562 2490 per
1580 2393 1739 2470 canalem
1758 2397 1916 2497 aliquem

562 2496 608 2569 ad
627 2497 760 2569 fontem
779 2494 914 2571 Siloam,
937 2493 999 2591 qui
1024 2490 1107 2563 alias
1121 2490 1226 2563 Gihon
1242 2488 1397 2570 dicitur,
1428 2491 1465 2561 &
1484 2485 1632 2587 geminis
1651 2489 1770 2568 narsus
1792 2493 1917 2571 canali.

563 2593 629 2666 bus
646 2591 810 2665 influebat
826 2590 862 2661 in
909 2592 1037 2661 eminas
1056 2584 1200 2685 piscinas
1221 2611 1232 2673 3
1258 2610 1406 2683 quarum
1436 2586 1541 2661 altera
1559 2585 1741 2666 dicebatur
1751 2590 1916 2690 [reperior.

561 2689 669 2764 altera
687 2686 818 2780 inferior
836 2610 907 2799 Jes
917 2711 1001 2759 vir:
1018 2708 1051 2777 3.
1079 2710 1114 2760 2.
1126 2687 1217 2789 Reg.
1229 2707 1320 2760 xvir
1334 2706 1364 2757 1:
1381 2706 1439 2773 17.
1465 2683 1667 2760 Inferiorem
1678 2681 1858 2787 piscinam
1870 2693 1915 2766 ὕ·

560 2787 644 2862 leam
661 2782 731 2858 dici
749 2783 918 2857 existimat
930 2780 1013 2880 Joh.
1032 2781 1369 2866 ixa-70-Neh.111:
1389 2801 1444 2871 15.
1496 2806 1571 2865 uae,
1597 2783 1644 2855 ad
1657 2779 1914 2864 occidenti!-

561 2884 656 2956 utbis
681 2882 821 2979 plagam
843 2875 923 2962 sita,
950 2879 1017 2953 huc
1040 2880 1184 2953 deducu
1205 2877 1308 2952 fuerit
1328 2878 1371 2949 ab
1391 2807 1551 2952 Ezedbia.
1568 2903 1603 2953 2.
1622 2879 1763 2960 Cliton.
1778 2907 1914 2964 mu:

562 3000 624 3071 30.
649 2981 897 3076 Superiorem,
925 2972 988 3049 elle
1015 2974 1178 3076 piscinam
1198 2998 1359 3049 veterna:
1382 2971 1450 3075 Jes.
1467 3001 1591 3051 xxti:
1619 3002 1675 3052 ιι.
1698 2982 1746 3056 ab
1767 2985 1914 3083 antiquo

560 3076 763 3158 conditore,
791 3074 959 3151 emmona
975 3097 1215 3172 nuncupatam.
1267 3074 1360 3146 Huic
1376 3096 1492 3146 autem
1505 3099 1604 3172 aquae
1616 3075 1793 3152 indulsrlle
1803 3085 1915 3154 Deum

559 3169 741 3249 mirificam
760 3167 900 3246 sanandi
917 3174 1102 3253 virtutem,
1130 3172 1230 3270 quod
1247 3195 1352 3271 typus
1372 3164 1451 3244 ellet
1468 3175 1565 3269 regni
1585 3174 1736 3248 Davidis
1754 3179 1797 3253 dc
1813 3178 1913 3252 Chri-

559 3269 613 3346 sti.
628 3264 697 3371 Jes.
709 3294 750 3343 vr
764 3294 818 3344 rr:
834 3274 869 3342 6.
922 3269 1028 3343 Unde
1048 3270 1165 3342 David
1178 3268 1328 3341 voluerit
1341 3266 1564 3341 Salomonem
1576 3270 1620 3340 ad
1630 3270 1769 3346 Siloam
1782 3275 1913 3376 inungi,

558 3390 619 3442 aut
637 3367 683 3439 ad
703 3365 846 3450 Gilron,
872 3370 907 3439 in
930 3362 1061 3464 signum
1081 3367 1303 3438 continuandi
1324 3360 1425 3462 ipsius
1441 3368 1561 3463 regni,
1586 3369 1638 3438 uti
1654 3364 1838 3474 scaturigo
1854 3371 1915 3446 hu·

554 3465 610 3556 jus
631 3465 735 3537 fontis
754 3466 912 3565 perennis
935 3484 1017 3535 erat.
1068 3466 1128 3536 Ob
1147 3462 1292 3535 eandem
1318 3454 1463 3536 taurian
1494 3488 1537 3535 ex
1554 3460 1617 3537 hac
1635 3489 1814 3559 aquarum
1832 3495 1912 3545 con·

560 3561 694 3659 ceptela
712 3588 819 3660 aquas
837 3560 1035 3633 hauriebant
1055 3564 1092 3632 ὅ(
1112 3554 1330 3633 effundebant
1352 3558 1467 3656 Judaei
1486 3562 1521 3632 in
1542 3558 1625 3634 festo
1652 3567 1915 3642 Tabernaculo·

561 3684 670 3742 rum,
699 3679 900 3737 cantantes,
926 3657 1079 3729 haurietis
1101 3681 1217 3754 aquam
1238 3681 1307 3729 rum
1322 3658 1440 3749 gaudio
1467 3681 1509 3729 ex
1532 3655 1677 3748 firntibur
1694 3661 1824 3743 salatia
1849 3655 1913 3766 jes.

561 3779 697 3849 x1123.
734 3754 945 3842 Quinetiam
964 3754 1075 3825 dicere
1096 3753 1296 3826 audebantt
1324 3771 1450 3857 w'lipn
1474 3774 1540 3837 m‘t
1565 3772 1752 3842 :nuum
1779 3776 1916 3846 ΕΨΟ

561 3859 692 3930 educere
702 3851 739 3942 se
756 3855 828 3923 inde
837 3857 992 3944 Spiritum
1003 3848 1157 3923 Sardium.
1210 3852 1301 3924 Hinc
1321 3850 1498 3923 concludit
1519 3852 1571 3925 vir
1591 3852 1842 3940 domminus,
1868 3853 1915 3932 sa·

589 3951 672 4022 ienti
689 3941 830 4021 consilio
848 3938 1007 4045 placuisse
1027 3952 1106 4019 Deo
1129 3971 1236 4058 aquas
1251 3945 1310 4020 lias
1331 3993 1342 4028 ,
1369 3965 1450 4045 quae
1468 3948 1628 4022 haetenus
1649 3973 1802 4049 regnum
1817 3953 1917 4030 Chri·

562 3978 602 4123 li
623 4038 968 4141 tepraescntaverant,
996 4044 1128 4117 medica
1146 4066 1274 4116 virtute
1292 4044 1445 4118 donare:
1472 4067 1511 4117 ut
1533 4046 1742 4121 existimaret
1763 4053 1915 4151 populor

561 4143 709 4242 gloriam
725 4144 822 4237 regni
841 4139 999 4213 Davidici
1018 4187 1029 4222 ,
1057 4167 1118 4239 per
1130 4142 1379 4239 apparitionem
1391 4143 1543 4226 Meffiae,
1573 4146 1607 4214 in
1616 4148 1827 4248 propinquo
1843 4145 1915 4234 elle,

566 4263 677 4336 quum
701 4260 771 4310 tarn
793 4234 928 4310 insolita
956 4239 1040 4310 mira
1068 4264 1111 4311 ue
1140 4242 1246 4313 virtus
1279 4237 1409 4310 Melliae
1437 4240 1483 4312 ad
1510 4264 1613 4313 omne
1638 4265 1752 4339 genus
1775 4249 1918 4322 morbae

562 4335 756 4416 curandos,
784 4336 818 4406 in
832 4337 932 4431 aquis
951 4361 1026 4408 eam
1042 4264 1332 4435 ignificantibus,
1361 4333 1620 4437 conspiceretur.
1671 4341 1820 4429 Qribuc
1839 4369 1917 4418 con·

561 4432 696 4525 jetturis
716 4427 860 4537 quisque
882 4455 1052 4529 quantum
1071 4435 1148 4508 vult
1167 4432 1318 4521 tribuat,
1341 4456 1410 4535 ego
1421 4459 1478 4510 me
1490 4427 1693 4517 solidiorem
1704 4437 1918 4518 demonstra·

562 4532 694 4612 dorm
709 4526 1030 4614 desiderarefateot.
1826 4545 1916 4619 Lvl.
