4667 5442
587 524 680 637 352
833 485 1745 603 ExercitarroXIV.

582 675 688 769 miffrcs
705 673 755 759 est.
808 677 896 762 Quae
917 674 960 745 de
985 670 1058 770 ipso
1076 670 1294 771 Nicephorus
1308 696 1437 755 narrat,
1466 697 1502 746 ea
1521 674 1633 745 oudin
1644 671 1775 769 prorsus
1798 665 1934 743 aufiorr'a

582 795 667 847 certo
678 773 846 871 testimonio
860 776 961 851 nixa,
978 774 1033 860 sed
1049 795 1091 842 ex
1102 774 1201 842 animi
1213 766 1348 844 arbitrio
1360 767 1507 858 confido,
1530 774 1732 867 pronunciat
1743 769 1930 840 BatoniuS.

584 871 681 944 Idem
699 869 741 940 de
760 868 836 940 aliis
855 866 1104 965 Apostolorum
1124 865 1392 963 profedionibus
1412 867 1541 957 judicat
1551 870 1701 962 Magnus
1714 864 1931 962 spadana.

585 969 682 1040 verbi
703 968 834 1064 gratia,
863 988 942 1061 quae
963 990 1006 1055 ex
1026 961 1317 1050 Pseudo-Proclroro
1348 965 1391 1034 de
1414 962 1569 1062 Johanne
1593 988 1605 1048 3
1637 987 1681 1036 ex
1698 959 1933 1050 Pseudo-Adia

584 1065 687 1136 variis
706 1064 749 1134 de
778 1059 942 1142 Thoma,
970 1058 1227 1132 Bartholomaeo
1248 1106 1259 1139 ,
1294 1060 1447 1133 Barnaba
1468 1086 1479 1144 3
1506 1083 1549 1131 ex
1568 1062 1688 1155 nugaci
1709 1054 1931 1153 Metaphrada

584 1183 664 1233 cum
683 1158 827 1257 primia,
855 1157 897 1228 de
919 1166 1019 1229 Petro
1040 1181 1051 1241 3
1077 1181 1121 1228 ex
1145 1158 1259 1228 Flavii
1280 1159 1404 1230 Dextri
1427 1159 1581 1227 Chronico
1609 1152 1860 1252 supposititio,
1889 1152 1932 1222 de

585 1257 710 1328 eodem
734 1261 860 1334 Petro,
888 1253 1046 1325 Paulo&
1067 1253 1199 1349 Jacobo
1219 1276 1230 1336 3
1256 1246 1298 1322 stc
1316 1278 1360 1324 ex
1381 1252 1565 1345 Nicephoro
1585 1253 1731 1347 aliisque
1749 1251 1786 1321 id
1806 1272 1929 1347 genus,

583 1354 733 1521 nirpium
756 1349 815 1423 vel
837 1350 1005 1433 credulis,
1033 1349 1090 1422 vel
1109 1348 1154 1420 ad
1173 1346 1374 1445 fingendum
1389 1348 1592 1429 audacibus,
1618 1347 1738 1447 parlim
1751 1368 1930 1419 commen·

577 1468 612 1520 'tl
646 1469 717 1520 unt·
1699 1474 1701 1477 ’

409 1577 514 1642 mn,
679 1547 815 1617 XXVI.
842 1541 983 1641 Singula
1000 1562 1157 1615 excutere
1178 1535 1431 1638 supervacaneae
1446 1540 1534 1614 foret
1552 1566 1676 1638 operae.
1736 1545 1857 1630 Quam
1880 1540 1932 1610 in·

408 1654 539 1713 Nomina·
584 1662 674 1714 certa
695 1636 757 1711 sint
773 1665 853 1736 quae
874 1641 917 1710 de
934 1642 1044 1737 prima
1064 1639 1157 1735 apud
1179 1642 1270 1711 Indos
1292 1638 1468 1735 Evangelii
1480 1639 1724 1735 praedicatione
1737 1657 1928 1717 narrantur,

407 1731 457 1788 ’ἕω
475 1726 575 1784 Thoma
586 1763 631 1810 ex
649 1740 853 1809 narrantium
873 1734 1120 1810 variationibus
1133 1730 1348 1831 perspicuum
1372 1736 1429 1807 est.
1482 1741 1531 1808 Ac
1542 1740 1655 1833 ptimo
1667 1733 1813 1829 quidem
1831 1730 1929 1823 Ilnffi·

408 1804 659 1943 mcssff'num
680 1834 795 1905 audire
816 1832 943 1914 lubet,
971 1857 1016 1905 ex
1032 1855 1103 1925 quo
1125 1833 1182 1903 sua
1198 1828 1378 1903 hauserunt
1392 1839 1533 1906 Socrates
1551 1830 1608 1905 lib.
1636 1848 1848 1926 1.eap.x1x.
1877 1834 1928 1899 So-

558 1924 567 1941 ’
584 1953 737 2011 &omento
755 1927 810 2003 lib.
824 1954 880 2003 11.
891 1946 958 2024 cap.
970 1952 1080 2000 xxiv.
1092 1960 1097 1967 ·
1111 1926 1323 2002 lirendoretrn
1339 1924 1393 2000 lib.
1419 1950 1447 2000 1.
1462 1945 1526 2018 cap.
1548 1952 1617 2001 xxr
1628 1951 1640 2000 1
1653 1950 1684 1999 1.
1717 1919 1929 2002 Ruffinussrc

583 2026 707 2102 habet:
735 2033 777 2101 In
793 2050 831 2100 ea
851 2027 999 2117 divifione
1013 2024 1096 2098 orbis
1106 2044 1219 2107 terra,
1244 2048 1309 2122 qna
1326 2028 1365 2096 ad
1378 2022 1747 2121 pradicandnmverbnm
1763 2027 1834 2097 Dei
1845 2020 1928 2109 jorae

580 2144 639 2225 per
650 2122 813 2219 Apostolos
828 2118 1058 2201 celebrataed,
1082 2145 1175 2217 qnam
1198 2123 1264 2194 alia
1284 2122 1353 2193 aliis
1370 2123 1539 2218 provincia
1556 2117 1748 2211 obvenissent
1767 2173 1778 2200 ,
1804 2119 1926 2193 Tltorne

582 2222 743 2301 Parthia,
766 2221 974 2295 &Mattiaco
993 2218 1180 2314 AEtbr'opia‚
1205 2224 1293 2316 eique
1312 2219 1465 2290 adherens
1483 2224 1615 2291 citerior
1637 2218 1729 2289 India
1759 2216 1926 2289 Bartholo-

584 2343 656 2394 mao
677 2339 764 2391 urc1
770 2344 848 2389 run
859 2316 946 2407 sorte
962 2320 1097 2389 decreta.
1148 2321 1240 2388 Inter
1260 2338 1354 2412 qnam
1376 2318 1603 2413 Partiriarnqrre
1621 2317 1746 2394 media,
1767 2313 1824 2404 sed
1844 2312 1928 2407 longo

584 2419 718 2489 interior
736 2414 860 2495 eron,
884 2417 978 2488 India
996 2413 1130 2486 ulterior
1141 2411 1253 2505 jacet,
1279 2412 1383 2484 maltis
1402 2418 1565 2510 variisque
1588 2413 1701 2506 lingerio
1722 2412 1768 2484 (9⁸
1784 2406 1928 2505 geneda

582 2512 748 2593 habitata,
767 2537 861 2611 quant
876 2560 887 2593 ,
910 2537 1034 2583 vetur
1065 2534 1194 2581 conce
1223 2535 1455 2591 annotant,
1487 2535 1633 2580 nutius
1661 2514 1927 2584 mosi-once

520 2628 535 2706 J
583 2633 912 2682 adnotent-roms
939 2631 1097 2678 vortere
1127 2632 1423 2679 innotescant:
1451 2629 1516 2703 qua
1539 2626 1643 2678 tamen
1671 2627 1922 2677 canronrnut

583 2711 876 2778 Contrnnnrnr
890 2705 953 2775 tali
967 2707 1100 2798 quadarn
1113 2729 1156 2774 ex
1177 2702 1278 2794 eanffa
1292 2705 1411 2792 sentina
1424 2701 1502 2792 fidei
1516 2708 1622 2797 prima
1633 2700 1781 2799 suscepit.
1835 2706 1927 2773 Tum

583 2800 723 2897 prolixe
744 2802 919 2896 exponit,
955 2799 1083 2893 quibus
1103 2802 1311 2896 quantisque
1339 2824 1451 2871 retum
1471 2799 1700 2896 ambagibus,
1728 2801 1928 2874 Frumentirrt

494 2926 507 2947 =
582 2895 726 2991 quidam
747 2896 788 2968 ab
805 2893 978 2980 Athanafto
992 2896 1028 2963 in
1043 2894 1249 2992 Episcopum
1261 2894 1456 2974 ordinatus,
1480 2899 1610 2992 primus
1623 2898 1657 2967 in
1670 2896 1805 2968 Indiam
1819 2919 1930 2995 petre·

582 2995 701 3073 xetit,
729 2987 970 3086 infinitumque
992 3013 1173 3062 numerum
1196 2990 1421 3063 Barbarorum
1440 2995 1484 3062 ad
1502 2989 1604 3063 Iidem
1624 2995 1854 3067 converterit:
1879 2995 1929 3069 Et

582 3111 666 3186 quo,
690 3084 733 3161 fic
781 3114 815 3163 er
841 3090 868 3159 it
887 3088 1045 3160 Ruffinus
1067 3132 1079 3169 ,
1106 3092 1142 3159 in
1161 3091 1258 3161 India
1275 3086 1445 3183 porcilaca,
1478 3092 1521 3163 (a
1536 3092 1645 3185 populi
1666 3089 1929 3172 christianam,

550 3190 623 3265 1&
646 3113 785 3278 Ecclesia
801 3111 898 3276 defiat
910 3183 1016 3272 stent,
1049 3187 1326 3259 &Sacerdotium
1347 3189 1447 3281 cepit.
1500 3193 1537 3257 In
1557 3186 1684 3282 quibus
1706 3182 1869 3262 observo.
1885 3194 1924 3264 ί.

582 3288 700 3375 Quam
715 3276 903 3374 haesitanter
925 3281 1085 3353 Ruffinus
1106 3279 1271 3381 lofluatur
1290 3282 1333 3353 de
1353 3284 1569 3379 provinciis,
1597 3308 1676 3380 quae
1695 3286 1730 3355 in
1745 3286 1929 3381 partitione

583 3381 678 3455 orbis
698 3401 864 3453 terrarum
878 3375 1018 3476 singulis
1030 3376 1244 3470 obvenerunt
1257 3380 1445 3477 Apostolis.
1497 3386 1542 3450 II.
1571 3379 1678 3466 Quod
1691 3381 1929 3463 Barthoionan

583 3504 653 3551 non
674 3476 817 3557 Thoma,
840 3474 974 3547 Indiam
992 3472 1162 3547 decretam
1172 3476 1295 3550 tradat.
1348 3484 1407 3549 III.
1436 3475 1543 3563 Quod
1553 3476 1597 3547 ad
1612 3479 1812 3573 provincias
1826 3477 1929 3577 longe

569 3593 763 3653 remotas,
798 3570 1003 3644 nominatim
1032 3570 1075 3641 ad
1101 3570 1301 3645 ulteriorem
1330 3574 1493 3653 Indiam,
1531 3567 1653 3644 sonum
1675 3574 1930 3672 praedicationis

582 3666 798 3763 Evangelicae
816 3658 1002 3764 pervenilie
1029 3689 1143 3767 neget.
1208 3675 1270 3740 IV.
1299 3670 1407 3756 Quod
1432 3673 1563 3767 primus
1602 3669 1786 3768 Evangelii
1817 3697 1928 3770 praeco

582 3764 800 3837 Constantini
817 3763 960 3834 demum
979 3770 1086 3833 aetate'
1100 3787 1143 3834 eo
1163 3760 1341 3839 accesserit.
1393 3772 1482 3853 Quae
1501 3788 1613 3837 tamen
1633 3768 1677 3839 de
1694 3765 1863 3869 Abyffinr'a
1877 3769 1928 3842 in·

582 3858 771 3957 telligenda
790 3854 881 3942 else,
908 3880 1015 3956 quarn
1023 3857 1157 3933 Indiam
1177 3860 1335 3935 Ruffinus
1351 3862 1497 3960 apellat,
1525 3888 1703 3961 quamque
1715 3866 1865 3939 immani
1876 3890 1927 3940 et·

579 3980 657 4030 rore
676 3957 764 4030 inter
782 3957 975 4032 citeriorem
988 3954 1121 4027 Indiam
1139 3960 1177 4029 δι
1197 3955 1368 4045 Parthiam
1390 3956 1485 4031 snam
1506 3959 1568 4031 ess'e
1584 3961 1687 4041 dicit,
1741 3960 1928 4053 noyon·

579 4053 781 4149 Lnaotpoam
802 4051 1019 4126 ostenderunt
1037 4053 1209 4125 novillrmi
1231 4054 1378 4129 editores
1403 4081 1550 4153 operum
1570 3986 1742 4130 Athanalii
1762 4105 1775 4141 ,
1801 4061 1841 4132 in
1860 4065 1928 4134 aaa

569 4153 712 4228 'Athana
723 4154 748 4221 ti
765 4177 801 4246 p.
818 4154 874 4225 16.
893 4170 947 4233 17.
980 4148 1146 4223 Similiter
1165 4175 1244 4249 quae
1260 4151 1302 4223 de
1313 4152 1452 4226 Thoma
1466 4150 1634 4264 disputata
1650 4155 1806 4229 vidimus
1819 4162 1930 4232 Exer-

570 4247 755 4319 citationis
774 4247 995 4344 praecedentis
1013 4247 1199 4321 Tmemate
1220 4273 1316 4330 xcv,
1343 4275 1382 4322 ea
1400 4274 1504 4347 quam
1520 4273 1675 4333 rncetta,
1702 4251 1839 4326 &falso
1848 4281 1928 4355 pro·

580 4346 677 4419 xima
696 4338 758 4417 stnt
777 4390 789 4427 ,
817 4339 979 4439 copiose,
1007 4366 1047 4417 ut
1075 4340 1189 4428 solet,
1218 4345 1364 4419 ostendit
1386 4348 1547 4427 odana,
1572 4351 1610 4419 de
1630 4349 1734 4444 Reiig.
1753 4351 1864 4426 talem
1878 4349 1927 4427 ab

573 4436 781 4540 jedolt'bn.
797 4456 865 4540 cap.
877 4461 938 4515 vt.
989 4443 1062 4532 Qui
1074 4438 1253 4519 asseverate
1270 4445 1494 4543 pronunciare
1512 4469 1583 4535 non
1594 4444 1754 4533 dubitat,
1781 4447 1820 4522 id
1832 4449 1929 4549 quod

1624 4563 1632 4569 “
1819 4564 1929 4626 nvtta·
