4667 5442
862 481 1385 579 PROLEGOMENA.
1715 473 1734 486 ”
1768 507 1816 577 er
1905 619 1908 624 Ι

452 676 606 782 scripsere
622 707 660 753 ex
673 681 859 769 lioxtorfio;
886 689 943 785 qni
957 711 996 756 ex
1008 690 1091 756 Bava
1102 684 1199 754 Batra
1213 691 1247 756 dr
1260 680 1443 783 Megillaee
1456 684 1692 760 eruderaverat.
1719 688 1814 763 Addo

454 790 553 856 enam
567 790 703 855 omnino
720 811 772 856 me
788 790 920 858 credere
938 788 1015 857 dues
1042 785 1099 855 bas
1121 782 1341 855 translationes
1359 781 1399 855 iic
1421 781 1494 856 satis
1513 793 1661 883 antiquas
1676 789 1755 868 ell'e,
1776 798 1813 864 δι

452 885 627 981 jonatham
646 883 756 955 vixiile
780 907 855 956 ante
869 886 1056 964 Christum,
1082 879 1291 958 Onkeloium
1312 882 1403 954 fimnl
1419 910 1494 955 cum
1516 883 1812 980 Christotoo'mpnoe

450 990 540 1054 enirn
556 981 645 1055 fuiile
662 986 781 1056 dicitur
794 987 840 1057 R.
859 984 1044 1059 Gamalielis
1063 986 1120 1077 qui
1142 987 1324 1082 Ptaeceptor
1340 984 1384 1053 eil
1403 982 1667 1056 celebratrllimus
1690 1014 1746 1084 per
1763 993 1811 1057 di.

451 1081 611 1181 scipnlum
636 1080 757 1163 suum,
781 1086 970 1182 Apostolum
987 1085 1129 1154 nostrum
1152 1083 1299 1155 Paulum.
1348 1085 1388 1154 Et
1406 1105 1513 1156 tamen
1533 1083 1601 1155 hoec
1620 1094 1728 1157 omnia
1744 1093 1811 1180 rion

450 1182 580 1281 poliunt
597 1181 680 1254 mihi
699 1183 908 1280 persuadere,
935 1208 970 1256 ut
984 1187 1177 1254 inanimum
1193 1182 1344 1254 inducam
1360 1177 1511 1265 credere,
1529 1182 1695 1280 vulgarem
1710 1191 1810 1280 Syna·

449 1307 543 1380 gogae
562 1280 752 1355 sententiam
769 1288 927 1355 Divinam
951 1292 985 1357 &
1005 1290 1190 1351 u'wneblvuor
1209 1279 1449 1354 Autboriratem
1470 1279 1592 1353 dvabtls
1615 1281 1701 1354 hisce
1716 1289 1809 1357 Pali·

451 1378 620 1479 phrasibus
637 1379 832 1453 adscribere.
885 1387 997 1455 Nimis
1015 1388 1104 1451 enim
1122 1380 1205 1477 sepe
1223 1379 1412 1464 observavi,
1437 1381 1565 1474 Jndaeor
1586 1386 1737 1454 audatler
1753 1389 1809 1455 ad·

447 1484 604 1561 modum,
629 1480 689 1552 ubi
701 1486 800 1554 modo
815 1480 956 1554 lubitum
977 1481 1042 1558 eli,
1057 1484 1135 1551 Para
1162 1476 1567 1563 hrasrbusiiliscontraire.
1621 1487 1719 1579 Quod
1737 1511 1808 1556 ccr-

448 1599 483 1652 te
498 1605 564 1652 non
580 1584 626 1652 ita
646 1582 823 1662 auderent,
845 1578 1098 1652 fiDivinitetem
1116 1507 1258 1682 aliquam
1271 1583 1311 1678 iis¹
1325 1582 1496 1651 crederent
1511 1580 1619 1655 inelle.
1672 1589 1808 1682 lnipici-

413 1681 415 1686 ’
449 1702 549 1751 entur
566 1682 664 1752 modo
676 1677 860 1778 speciminis
881 1685 985 1779 gratia
1003 1678 1071 1752 locat
1091 1683 1127 1750 in
1145 1677 1266 1777 quibus¹
1287 1679 1403 1752 incidit
1419 1677 1543 1768 Meffiae
1567 1687 1707 1767 rnenti03
1734 1709 1807 1781 quae

444 1784 559 1851 omnia
574 1785 609 1850 in
622 1786 741 1852 Lexico
751 1779 807 1854 suo
822 1780 1018 1853 Talmudico
1032 1773 1295 1879 diligentissimus
1305 1775 1482 1853 Burtorlr'us
1491 1786 1643 1856 enotavit·
1657 1809 1689 1880 Ρ·
1700 1809 1707 1853 r
1718 1795 1766 1854 :6
1769 1799 1803 1868 3.

443 1883 515 1954 ἃς.
542 1878 837 1954 conferanturcum
854 1884 1149 1978 interpretamentis
1175 1882 1409 1959 recentiorum,
1433 1877 1576 1969 Jarcbii,
1601 1880 1806 1970 AbenEzrae,

444 1978 602 2058 Kimchi,
620 1979 835 2052 Aberbenelis
848 1988 914 2054 ὅτε.
933 1990 970 2053 &
986 1977 1111 2049 videbis
1127 1980 1166 2047 ad
1182 1975 1336 2059 oculum,
1361 1981 1449 2076 quod
1469 1975 1532 2050 fine
1548 1978 1615 2053 ullo
1631 1980 1806 2080 scrupulod

442 2078 665 2177 Paraphrallis
676 2078 735 2151 luis
749 2086 782 2150 in
800 2080 860 2151 alia
876 2083 986 2153 omnia
1002 2100 1089 2150 eant.
1119 2079 1220 2150 Certe
1237 2099 1303 2148 tam
1315 2074 1470 2175 generose
1480 2105 1646 2176 nunquam
1658 2105 1804 2154 cuntem-

444 2199 530 2250 nunt
551 2175 644 2252 suum
669 2177 824 2252 Talmud.
875 2177 1031 2276 Exempla
1052 2201 1118 2249 non
1143 2173 1344 2264 adscribam,
1371 2183 1449 2276 quia
1461 2177 1622 2278 prolixum
1648 2186 1745 2252 nimis
1756 2179 1805 2253 es-

444 2275 495 2350 set
538 2303 600 2352 nec
626 2277 856 2377 hujusoperce.
911 2281 1011 2350 Atne
1027 2278 1108 2374 qnid
1132 2273 1329 2347 dissimulare
1356 2281 1483 2359 videar',
1513 2281 1651 2351 candide
1663 2280 1805 2354 monebo

441 2371 601 2450 leblorem
615 2381 696 2475 qnid
707 2384 828 2477 opponi
845 2373 955 2477 pollet.
1006 2382 1165 2449 Dicerent
1177 2372 1303 2447 forcalle
1313 2393 1383 2448 non
1393 2376 1425 2450 se
1439 2377 1651 2472 eronathane
1669 2379 1805 2453 velOn·

442 2470 560 2547 keloso
574 2477 758 2560 dillentite;
786 2473 839 2547 sed
854 2473 1017 2551 Onkelofi
1032 2471 1084 2547 vel
1098 2471 1288 2569 Jonatlranis
1300 2495 1423 2547 textum
1438 2473 1519 2546 inibi
1530 2501 1715 2576 corruptum
1729 2481 1803 2555 elle.

441 2577 485 2646 Et
502 2572 626 2646 sanein
643 2575 704 2648 bac
725 2574 880 2648 sententia
896 2573 959 2650 fuit
971 2598 1146 2674 verpornrn
1166 2577 1315 2645 omniurn
1338 2594 1500 2672 quotquot
1521 2583 1646 2673 uspiam
1670 2586 1805 2651 extitere

443 2669 645 2746 dourffimus
665 2678 902 2755 Mainronides,
930 2673 1066 2772 quifato
1080 2674 1270 2769 quodam&
1291 2673 1372 2748 sorte
1389 2677 1539 2747 nascendi
1555 2681 1678 2773 primus
1705 2678 1803 2750 solus-

441 2797 510 2871 que
525 2779 561 2844 in
578 2774 633 2845 illa
645 2799 743 2872 gente
760 2774 938 2855 intellexit,
961 2774 1042 2872 quid
1058 2773 1120 2845 hoc
1132 2770 1189 2852 fit,
1209 2797 1277 2858 non
1293 2777 1443 2870 ineptire.
1496 2778 1573 2874 Quo
1584 2775 1692 2874 elogio
1704 2782 1804 2876 digne

438 2871 546 2970 ipsum
566 2880 695 2960 ornarit
709 2871 991 2973 eloquentiffimur
1006 2884 1126 2946 meur
1140 2872 1306 2966 deRepubl.
1318 2874 1400 2947 Heb.
1413 2873 1465 2947 lib.
1476 2895 1503 2944 r.
1519 2883 1592 2969 Cup.
1604 2896 1643 2948 11.
1683 2883 1714 2948 ls
1724 2901 1803 2976 ergo

440 2974 662 3048 Maimonides
678 2980 713 3046 in
731 2975 786 3048 luo
799 2981 894 3046 More
904 2974 1078 3046 Nevocirim
1090 2989 1289 3064 cupxuvut.
1309 2980 1383 3044 Par.
1395 2999 1418 3050 r,
1430 2994 1463 3067 p.
1475 2997 1529 3051 7²·
1583 2985 1740 3071 surrupta,
1750 2982 1802 3045 in·

440 3082 530 3170 quit.
553 3079 771 3165 &depravere
785 3077 816 3144 in
827 3074 1038 3165 exemplaribus
1052 3069 1152 3154 nostris
1167 3067 1207 3151 eb
1226 3071 1280 3138 beo
1294 3071 1451 3163 expositio,
1467 3073 1534 3160 stne
1547 3077 1801 3163 controverfioeb·

434 3171 602 3266 gentrffirnu
615 3176 653 3246 ά
670 3175 797 3263 optimu,
811 3171 945 3240 intribur
960 3171 1047 3246 loris,
1066 3170 1096 3238 in
1117 3165 1220 3256 quibus
1235 3169 1352 3237 invenio
1366 3167 1466 3246 tillir,
1485 3193 1551 3239 oum
1557 3168 1716 3260 secundom
1726 3176 1800 3242 bone

428 3269 609 3355 sententiam
623 3267 754 3355 deburiler
768 3272 847 3338 reddi
865 3247 938 3335 olm
959 3270 1024 3345 (pc.
1080 3267 1171 3335 nult
1183 3266 1261 3336 enine
1275 3269 1365 3336 vulbe
1383 3267 1531 3360 probabile
1543 3273 1662 3352 violetur
1676 3293 1802 3342 errorem

439 3368 568 3458 aliquem
581 3370 766 3440 librariorum
780 3369 825 3438 bic
839 3365 980 3458 irrepbffi.
1067 3367 1119 3435 uie
1143 3384 1243 3434 tumen
1261 3388 1316 3435 eon
1338 3365 1378 3464 eli
1392 3389 1480 3461 penes
1492 3392 1543 3439 nor
1559 3361 1646 3461 ibfiur
1666 3365 1804 3462 Onkelqb

437 3469 668 3560 autographum.
693 3469 767 3539 nibil
775 3469 847 3538 certi
855 3465 1000 3557 affirmare
1007 3486 1045 3559 po
1067 3488 1152 3535 umus
1162 3487 1179 3547 ‚·
1193 3463 1250 3553 seb
1264 3467 1800 3562 eredendumnobisessOobrlofir'stam
1921 3477 1923 3483 '

436 3566 636 3659 expuitionem
651 3566 712 3655 effe.
765 3573 813 3639 lta
828 3572 927 3638 etiam
941 3570 983 3638 de
1002 3569 1210 3662 corruptione
1232 3562 1480 3664 hujosTargunr
1496 3574 1706 3665 conqueritur
1716 3567 1800 3642 Elias

437 3668 564 3738 Levita.
592 3668 715 3735 oneo
733 3667 796 3732 rou
816 3669 871 3733 nn
892 3650 959 3733 nn
976 3667 1094 3734 nrnn
1112 3665 1218 3732 rnna
1235 3666 1361 3731 nnnn
1380 3669 1503 3736 nourr
1531 3673 1608 3735 no:
1626 3673 1693 3735 nra
1721 3649 1800 3736 nn

434 3745 592 3858 orbpnn
625 3737 785 3834 ursonis
819 3764 996 3832 ornanum
1029 3762 1120 3828 rnen
1146 3738 1263 3828 ortui
1285 3763 1364 3853 nup
1396 3765 1510 3828 nun:
1535 3765 1601 3828 nm
1626 3765 1799 3836 ornuuo
1846 3763 1848 3767 ·

437 3864 515 3955 Nfi
527 3862 665 3952 ocensem
681 3865 697 3949 (
714 3858 827 3958 luppie
844 3858 1037 3934 Maioretlrae
1049 3861 1067 3949 )
1075 3859 1147 3954 jore
1171 3861 1279 3929 bubum
1288 3857 1375 3946 felle
1396 3861 1460 3949 effic
1476 3863 1525 3931 lex
1536 3861 1610 3944 brut
1627 3864 1686 3932 bue
1704 3868 1796 3955 leger,

437 3965 479 4043 ά
491 3967 548 4035 vix
566 3962 630 4050 effer
644 3964 700 4032 buo
721 3963 900 4050 exemplaria
920 3962 1043 4054 reperire
1060 3959 1115 4045 loo·
1133 3962 1259 4030 invicem
1279 3961 1477 4048 consentientia
1485 3981 1503 4043 ;
1527 3963 1574 4030 uti
1593 3962 1706 4031 iti'ubit
1722 3965 1798 4034 ulio·

434 4088 505 4135 eum
528 4065 694 4133 nurborum
712 4053 828 4146 firiprir
840 4064 970 4139 uculbi,
993 4061 1052 4130 ime
1066 4060 1105 4136 d·
1117 4060 1171 4153 ipss
1178 4065 1307 4151 largum
1326 4061 1468 4154 Orbelofi.
1523 4062 1568 4129 tir
1580 4082 1797 4158 preterquam

407 4177 412 4184 ·
436 4163 528 4257 quod
545 4156 740 4260 impoffibrle
762 4153 819 4235 su,
844 4155 954 4232 saltem
973 4165 1100 4233 netnrni
1116 4162 1176 4255 qui
1191 4155 1253 4227 snae
1271 4155 1389 4253 spontis
1409 4161 1453 4231 eil
1471 4155 1650 4242 credibile,
1667 4181 1715 4232 tot
1727 4171 1796 4233 ta'n·

435 4279 550 4359 easque
561 4261 712 4360 periodos
725 4252 920 4356 usqueadeo
932 4281 1098 4360 corruptas
1111 4256 1186 4337 elle,
1200 4256 1327 4332 utnr'hr'l
1343 4266 1383 4335 de
1396 4267 1552 4335 ienteoua
1569 4263 1795 4427 gmuinahAn·

1219 4380 1238 4429 c
1266 4378 1283 4450 3
1440 4447 1444 4454 ³
1694 4379 1795 4431 torre
