4667 5442
729 530 1625 719 rnonnuounun‚

436 885 446 896 *·
504 848 558 950 ln
578 841 760 990 quibus
779 841 1044 985 inquiritur
1054 836 1178 984 quid
1199 832 1257 940 sit
1275 832 1564 990 Judaizue,
1583 829 1863 981 &quinam

758 981 842 1077 hoc
860 984 1029 1072 -Saeculo
1045 981 1300 1092 judaizantes
1316 980 1398 1066 dici
1420 973 1601 1093 poffinti

703 1204 747 1271 Ee
760 1196 801 1271 fic
816 1199 875 1271 stat
895 1194 1073 1279 sententie,
1099 1194 1258 1284 chilim
1283 1217 1321 1266 ec
1336 1194 1386 1287 pie
1398 1196 1519 1282 lena,
1539 1185 1708 1287 nusquam
1719 1190 1859 1268 eruditor

416 1378 419 1382 ,
725 1299 863 1379 nostros,
889 1296 1289 1396 Theologoscomptimis,
1308 1291 1480 1365 meliorem
1495 1286 1858 1389 ecpublicaereiutilio·

358 1426 362 1433 ’
525 1442 526 1446 Ὗ
626 1449 630 1456 ’
727 1422 798 1469 “¹''
811 1397 1022 1568 iaqueqn
1035 1420 1169 1570 iim*
1183 1417 1284 1565 illm
1294 1390 1856 1565 {iiiii‘sslllilllddffl

724 1518 1135 1677 ddidvlirttexliiicprdcetd?
1154 1516 1464 1691 quibugsnmiserridri
1485 1584 1602 1704 populi
1624 1588 1855 1664 restitutionem

482 1697 485 1705 '
502 1689 693 1791 pollicetur,
711 1698 861 1767 animum
876 1697 1000 1767 cuneus
1014 1697 1133 1767 addere
1145 1689 1269 1766 debent
1306 1715 1424 1766 uotum
1436 1713 1493 1764 cor
1506 1689 1589 1762 adid
1605 1691 1719 1790 tetigit
1729 1687 1853 1790 Jeliorn

501 1789 648 1886 efficiunt
662 1816 749 1867 cette
764 1814 799 1867 ut
814 1819 881 1867 non
895 1794 1049 1867 incastum
1064 1793 1118 1868 hic
1135 1792 1153 1865 l
1174 1790 1271 1867 nobis
1327 1788 1437 1865 boteri
1456 1785 1596 1864 firmiter
1610 1783 1746 1888 sperare
1767 1785 1851 1889 poili·

499 1916 584 1966 mus.
635 1892 729 1965 Adde
746 1896 835 1991 quod
853 1891 954 1967 multo
967 1892 1022 1966 hic
1033 1892 1219 1967 adhucdum
1233 1889 1383 1965 faciende
1394 1889 1529 1966 restent.
1570 1887 1734 1988 ‘Reliqua
1755 1889 1852 1964 lireo-

499 1988 593 2089 logiae
609 1997 810 2090 capuanque
823 1990 1020 2066 Christianis
1039 1997 1123 2066 inter
1139 1989 1225 2091 ipsos
1249 2010 1554 2070 controvertuntur,
1584 1982 1629 2063 sic
1645 1989 1721 2064 latis
1741 1986 1851 2066 uunci

499 2114 599 2189 quarn
614 2090 764 2190 plurimis
782 2095 973 2192 pertradiata
987 2094 1094 2165 otium
1109 2115 1201 2191 paene
1216 2087 1352 2189 reliquie
1363 2086 1487 2164 fecere.
1538 2089 1653 2187 Atque
1668 2092 1794 2164 utinam
1807 2091 1851 2162 ni·

500 2194 604 2263 mium
628 2190 811 2267 altercando
823 2196 942 2266 verius
955 2215 1023 2265 uon
1035 2194 1238 2291 quandoque
1252 2188 1361 2263 emilie
1376 2186 1480 2264 forcti
1492 2183 1648 2263 Charitas
1662 2211 1756 2264 certe
1769 2190 1854 2294 ιιίιοί-Ι

497 2313 554 2364 um
571 2313 730 2389 quantum
745 2289 826 2365 laesa.
852 2298 925 2365 Iino
936 2300 974 2366 dc
988 2316 1027 2364 en
1039 2285 1321 2390 quaesondiiffimae
1334 2288 1501 2387 religionis
1516 2288 1852 2462 nolitaeipraximron·

431 2433 435 2442 ·
496 2394 667 2487 cernunt(
681 2416 718 2464 ac
734 2397 770 2463 in
783 2398 875 2492 praxi
890 2396 1027 2490 quidem
1042 2414 1111 2465 rota
1128 2388 1268 2466 confiliir
1289 2389 1432 2489 religio)
1454 2411 1521 2461 tarn
1538 2392 1638 2489 cupio
1653 2388 1706 2462 ed
1722 2394 1775 2492 pie
1786 2414 1849 2464 ero·

497 2491 589 2582 ditis,
610 2516 677 2589 qua
696 2495 771 2564 viva
784 2517 885 2573 voce,
901 2517 967 2589 qur
980 2486 1105 2592 scriptis
1120 2518 1196 2565 euro
1213 2488 1314 2564 latine
1330 2511 1399 2563 rum
1416 2494 1451 2562 iu
1463 2485 1655 2586 vulgaribus
1662 2487 1847 2592 linguiredi·

497 2594 556 2672 tis,
571 2595 687 2675 eradica
703 2616 791 2665 nunc
814 2588 886 2663 sunt
903 2601 937 2665 dc
951 2590 1275 2688 tradunturquondie
1287 2589 1472 2687 ut.priilinis
1492 2584 1847 2692 Eccleiiarurnquerel'!¹

496 2694 530 2761 de
549 2692 632 2761 votis
652 2687 712 2760 hoc
727 2696 762 2761 in
779 2712 870 2787 paroe
890 2692 1099 2763 mediocriter
1118 2687 1315 2764 satisfactum
1330 2686 1380 2761 fin
1430 2688 1583 2776 Restaret
1598 2694 1668 2787 jorn
1691 2714 1727 2765 ut
1748 2689 1847 2782 meni·

494 2788 592 2858 miter
607 2788 648 2857 ad
666 2807 791 2861 exteros
803 2812 863 2860 nor
873 2783 1112 2872 conferremus,
1140 2814 1178 2862 ac
1197 2785 1332 2887 sepolitr
1347 2784 1405 2861 ilii
1423 2791 1612 2862 animorum
1627 2793 1846 2879 contentione,

493 2884 560 2982 qui
577 2890 699 2957 Fratres
711 2890 795 2959 inter
810 2886 842 2958 se
858 2886 1096 2985 digladiantur,
1116 2886 1239 2962 collatis
1254 2887 1377 2960 viribus
1396 2909 1568 2961 extraneos
1585 2890 1627 2961 ad
1653 2914 1711 2963 nor
1719 2885 1848 3059 seilice-

494 3011 530 3058 re
544 3010 752 3066 conaremur,
780 2989 848 3060 imo
861 3011 930 3058 non
948 2988 989 3058 ad
1003 2983 1156 3078 nos,;,sed
1167 2990 1207 3060 ad
1225 2988 1406 3061 Christum.
1458 2985 1558 3060 Nihil
1574 2987 1708 3087 amplior
1757 2986 1845 3061 nobie

493 3089 611 3159 tentari
625 3087 663 3155 ud
677 3084 804 3184 plenius
822 3088 1015 3159 erudiendos
1034 3085 1237 3162 Christianos
1248 3091 1284 3159 in
1305 3092 1468 3167 Oriente,
1485 3111 1552 3159 non
1569 3092 1701 3161 omniuo
1722 3088 1843 3161 indoci-

491 3183 538 3259 les
552 3188 571 3281 (
580 3207 615 3259 ut
630 3209 669 3257 ex
684 3192 817 3285 nuperis
834 3184 951 3280 Cyrilli
962 3186 1155 3264 Patrierchae
1173 3184 1524 3284 Constantinopolitani
1549 3182 1692 3289 scriptis,
1704 3183 1845 3286 illiusque

491 3289 576 3383 apud
591 3283 748 3384 populum
765 3284 875 3360 favore
885 3284 989 3383 liquet
1005 3289 1025 3378 )
1042 3286 1225 3383 nescioquo
1240 3287 1348 3361 colore
1361 3283 1502 3360 excusari
1512 3309 1626 3385 queat.
1679 3290 1843 3363 SooePon·

490 3382 583 3456 tificii
599 3388 701 3483 magis
715 3381 862 3484 satagunt
879 3390 972 3483 Pepae
982 3383 1032 3458 sui·
1042 3392 1194 3484 pomaeria
1208 3386 1359 3469 dilatare,
1403 3412 1478 3459 uani
1493 3385 1589 3460 multi
1599 3389 1746 3464 nostrum
1756 3387 1843 3464 chn-

490 3483 539 3556 sti.
592 3487 652 3563 Et,
672 3479 803 3581 siquod
823 3510 873 3556 res
886 3487 931 3556 eii
947 3487 1053 3557 dicere
1071 3485 1185 3575 liceat,
1209 3491 1308 3559 nimis
1334 3412 1457 3561 deddes
1473 3483 1582 3561 sumus
1599 3495 1689 3563 circa'
1709 3486 1838 3570 Arabe.

490 3581 610 3751 quibus
628 3583 823 3682 Agyrtaruur
844 3583 1046 3683 Coryphour
1066 3583 1284 3661 Muhammed
1305 3609 1372 3664 tarn
1394 3588 1503 3661 dirum
1527 3591 1562 3659 in
1582 3591 1725 3666 modum
1748 3595 1845 3692 irrepo-¹

504 3688 569 3764 uit,
594 3707 742 3782 quosque
754 3706 801 3759 tot
813 3692 879 3783 jam
895 3684 1294 3762 saeculafascinotostenet.
1346 3693 1516 3789 Quantum
1532 3685 1587 3762 hic
1598 3690 1719 3766 inculti
1729 3683 1842 3794 agrili

489 3784 577 3879 quod
594 3787 701 3879 primo
716 3790 887 3884 occupanti
906 3786 1021 3859 cedere
1043 3783 1161 3886 poffir,
1186 3811 1307 3862 norunt
1329 3812 1471 3870 omnes,
1496 3793 1556 3887 qui
1579 3794 1687 3864 ieiuni
1711 3787 1843 3892 quenti»

488 3877 556 3952 luen
570 3878 624 3951 hic
646 3879 683 3951 fir
699 3887 820 3959 adium.
873 3885 941 3958 Hic
956 3883 1113 3967 Rhodos,
1132 3887 1202 3962 Hic
1216 3884 1310 3962 saltur
1323 3891 1382 3964 est.
1435 3893 1502 3961 Hic
1513 3887 1638 3964 habeut
1650 3888 1842 3967 ubiieexet·

486 4002 580 4051 ceant
597 3976 790 4054 luxuriantia
804 3988 951 4084 ingenia,
974 4011 1048 4084 quae
1065 3983 1098 4058 se
1113 3991 1258 4062 invicem
1271 3987 1418 4064 loceilere
1434 4014 1472 4062 ac
1484 3984 1679 4065 consumere
1690 3990 1773 4095 sepe
1784 4016 1843 4066 on·

485 4076 556 4152 lunt
572 4103 671 4177 quun
690 4086 758 4155 orio
779 4080 833 4157 suo
847 4109 914 4158 non
933 4083 1037 4160 abuti.
1088 4089 1203 4184 thue
1219 4089 1260 4161 ad
1276 4090 1404 4185 Judaeos
1424 4113 1514 4164 meos
1529 4091 1687 4176 redeam,
1710 4071 1852 4168 nimiuri

419 4185 422 4192 ’
485 4175 560 4253 sane
576 4183 615 4249 iis
628 4178 783 4255 debemus
796 4235 807 4262 ,
822 4208 921 4281 quam
939 4204 974 4257 ut
997 4207 1063 4260 taor
1087 4185 1308 4286 perfundoria
1328 4194 1415 4264 circo
1435 4214 1491 4264 eor
1513 4215 1615 4290 opera
1636 4190 1780 4295 defungi
1794 4216 1842 4267 nu

482 4278 569 4378 polle
589 4275 795 4353 arbitremur.
844 4289 913 4383 Ego
931 4310 985 4357 me
999 4286 1128 4362 nullum
1147 4286 1209 4361 elle
1225 4286 1353 4371 fateor,
1369 4316 1407 4363 ac
1418 4292 1596 4364 minimum
1614 4296 1650 4364 in
1665 4294 1840 4370 DomoDei

482 4374 692 4462 meidaltem
705 4379 927 4458 aeiiiveuirnis
941 4385 1675 4491 adharmnuoveriiasviarieatum,qurmjut
1689 4399 1840 4495 eesdigne

1715 4498 1839 4572 nauare
