4667 5442
1794 363 1823 384 vs

1750 415 1769 444 ’ἃ
1886 415 1925 466 η’

677 449 1215 607 ‘Dstone
1286 508 1535 608 Lori.
1634 499 1789 626 ⁸157

442 675 536 775 'Qir
557 677 603 750 uis
621 678 722 750 credit
741 699 783 746 ex
799 674 902 770 lapide
914 670 992 761 fieri
1002 674 1185 752 hominem,
1208 690 1265 745 aut
1282 698 1323 745 ex
1341 665 1517 743 bominibus
1537 665 1691 761 lapidem,
1707 663 1789 750 fial-

443 796 499 848 m
520 699 570 857 ei
624 779 751 868 Neque
768 772 975 852 dissimulat,
1004 769 1113 841 multa
1133 794 1152 840 a
1173 765 1205 841 se
1227 766 1395 847 observari
1414 761 1528 865 polle,
1555 761 1669 860 qur'baa
1695 782 1788 859 appa-

442 891 517 943 reat
535 866 663 945 Mares
673 868 776 955 casum
786 872 884 941 morti
896 871 1003 941 uxoris
1016 863 1324 958 Lotifimr'lemeffe;
1352 860 1649 962 quemadmodum
1660 883 1790 933 utram-

442 992 516 1063 que
533 968 579 1037 ob
599 961 707 1035 smila
727 966 871 1037 exitium
888 964 1068 1060 conjungit
1091 965 1232 1035 Clemens
1250 962 1489 1035 Alexandrinus
1504 965 1668 1050 Protrepr.
1681 976 1713 1053 p.
1730 960 1751 1027 6
1756 972 1787 1046 ς.

543 1066 645 1133 XIX.
671 1066 755 1131 Non
776 1060 1031 1156 indignabitur,
1058 1056 1178 1157 spero,
1206 1062 1259 1131 vir
1291 1057 1439 1138 doetus,
1468 1052 1492 1127 fi
1537 1078 1584 1125 uo
1598 1050 1694 1127 soleo
1708 1069 1872 1131 can-xlx.
1894 1060 1943 1126 Urs

437 1158 551 1239 clore,
580 1161 616 1229 &
635 1181 740 1253 quem
754 1157 801 1227 rei
828 1179 1045 1228 momentum
1066 1158 1176 1255 exigit
1191 1156 1294 1236 zelo,
1320 1155 1424 1225 animi
1438 1077 1720 1223 merbatentiam
1731 1142 1966 1238 su-”fmr'afl‘12

440 1280 505 1353 per
518 1253 692 1352 paradoxa
719 1250 781 1323 hac
803 1252 1080 1350 interpretatione
1112 1278 1296 1350 exponam.
1348 1257 1464 1347 Atque
1482 1251 1530 1322 ita
1548 1247 1722 1345 quidem,
1749 1220 1965 1372 utss'fza’ff
2029 1326 2033 1332 ,

440 1354 559 1449 primo
583 1351 654 1441 ejus
668 1349 836 1442 originem.
861 1372 935 1422 tuni
955 1347 1073 1441 ipsam,
1098 1343 1247 1445 denique
1266 1348 1359 1420 illius
1367 1343 1567 1435 finnamerrta
1580 1346 1880 1430 examinemqulm
1898 1373 1927 1428 5,

440 1447 653 1543 Principium
673 1449 710 1518 δι
730 1447 830 1541 origo
850 1445 951 1535 hujus
967 1447 1276 1543 interpretationis,
1305 1442 1403 1540 quod
1413 1443 1569 1539 ignorare
1582 1466 1645 1512 nos
1658 1441 1709 1512 vir
1721 1440 1966 1541 dozadpsneqdie

440 1548 516 1613 stus
537 1544 650 1613 miluit
671 1588 682 1623 ,
712 1539 757 1613 est
777 1544 858 1639 fuga
877 1563 1146 1638 portentorum,
1174 1567 1217 1613 ne
1238 1537 1366 1614 scilicet
1382 1532 1571 1612 miraculosi
1593 1537 1728 1635 aliquid
1751 1536 1786 1607 in
1796 1528 1930 1656 {mra‘zll‘

441 1636 508 1712 bac
534 1637 670 1710 historia
700 1632 879 1734 agnoscere
911 1660 1100 1733 cogeretur.
1151 1638 1192 1710 ld
1208 1641 1294 1718 ¹reio
1316 1659 1381 1733 ego
1401 1633 1542 1708 bomine
1558 1636 1644 1732 pio,
1673 1616 1878 1751 Deumffl
1895 1618 1945 1657 ‘⁸¹⁸'

444 1756 606 1815 amante,
633 1737 670 1806 &
716 1737 811 1807 loriae
823 1730 924 1832 ipsius
946 1730 1126 1814 studioso,
1154 1734 1335 1831 indignum
1347 1726 1409 1803 effe
1427 1731 1585 1805 arbitror.
1637 1733 1788 1807 Utinon
1880 1719 1891 1739 ⁹

441 1829 522 1907 sunt
538 1853 667 1903 temere
690 1758 853 1929 ingencia
873 1831 1059 1911 miracula,
1097 1834 1133 1903 &
1156 1833 1338 1926 Scriptura
1359 1829 1462 1901 verba
1483 1829 1565 1899 anili
1587 1829 1788 1902 credulitate

440 1953 488 2000 eo
508 1926 694 2009 trahenda,
721 1927 820 2023 quod
838 1926 997 2001 Hebraeis
1014 1927 1259 2025 Interpretibus
1282 1950 1449 2023 perquam
1466 1923 1631 1998 familiare
1645 1925 1714 1997 este
1739 1928 1787 1997 ita

437 2049 504 2097 nec
524 2023 611 2115 jullo
634 2024 845 2097 difficiliores
867 2019 930 2094 esse
952 2026 1035 2096 licet
1053 2025 1087 2095 in
1106 2023 1329 2096 admittendis
1341 2021 1532 2100 miraculis,
1560 2022 1788 2119 quandonar·

439 2142 588 2195 rantur:
616 2145 676 2193 nee
691 2124 856 2218 Scipturae
868 2121 972 2194 verba
992 2116 1129 2219 quaesita
1151 2120 1277 2193 durave
1299 2143 1341 2192 ex
1368 2114 1509 2189 ositione
1526 2119 1574 2189 ita
1593 2120 1788 2215 torquenda

438 2241 485 2289 ne
504 2213 690 2313 portentosi
703 2218 837 2315 aliquid
857 2222 998 2291 innuere
1017 2218 1210 2289 videantur.
1262 2145 1365 2305 Qud
1378 2214 1516 2287 tandem
1537 2213 1604 2287 hoe
1626 2216 1726 2288 malae
1737 2218 1788 2290 rei

439 2312 515 2386 est?
541 2322 577 2385 ln
603 2314 811 2387 extollendis
830 2312 1036 2414 prodigiosis
1055 2318 1121 2387 Dei
1139 2314 1302 2412 operibus
1319 2314 1386 2385 toti
1402 2311 1542 2385 suerunt
1559 2309 1785 2418 priscinvates,

438 2412 480 2480 &
501 2408 567 2481 hoc
585 2405 651 2482 suae
674 2410 908 2485 existimarunt
929 2408 992 2484 else
1015 2413 1176 2510 pietatis:
1213 2413 1250 2483 &
1270 2435 1332 2482 nos
1351 2404 1472 2481 nostrae
1501 2409 1708 2505 putabirnri‘si
1724 2405 1788 2481 elle

438 2502 615 2601 sapientiae
635 2553 646 2587 ,
674 2531 713 2579 ur
733 2510 895 2583 miracula
914 2510 1114 2592 elevemus,
1151 2508 1320 2605 omnique
1339 2506 1471 2605 ingenii
1497 2497 1644 2581 nffd'ex
1660 2505 1786 2581 tabulis

442 2600 647 2675 Christianae
666 2600 746 2675 fidei
765 2604 1010 2678 exturbamur?

540 2703 628 2773 XX.
655 2701 722 2773 Vel
745 2700 811 2776 hoc
829 2703 992 2800 exemplo
1008 2699 1132 2776 discere
1158 2702 1288 2783 liceat,
1317 2703 1404 2799 quid
1426 2697 1465 2774 fit
1491 2696 1670 2802 superbam
1690 2701 1857 2776 {stamar
1871 2700 1949 2763 Pm'·

441 2793 631 2871 Rationem
650 2800 831 2897 Scripturae
848 2802 1068 2899 interpretem
1087 2800 1219 2873 facere:
1247 2824 1326 2896 quae
1349 2824 1421 2872 eam
1437 2847 1447 2881 ,
1476 2800 1584 2871 modo
1609 2824 1689 2872 cum
1706 2775 1966 2908 acu-‘'diss'’ngf

438 2894 535 2968 mine
555 2894 701 2991 aliquo,
730 2899 884 2993 torqueri
909 2899 1070 2981 mavult,
1099 2922 1206 2995 quani
1220 2922 1259 2970 ut
1279 2898 1316 2967 id
1328 2896 1439 2971 dicere
1462 2892 1659 2979 censeatur,
1687 2896 1786 2996 quod
1794 2874 1948 2989 mig,

438 3014 485 3063 ex
503 2992 678 3089 principiis
698 2989 766 3065 suis
787 2994 955 3068 deducere
982 2997 1088 3069 Ratio
1117 2995 1212 3093 potis
1242 3018 1312 3066 non
1329 2993 1397 3067 est.
1441 2998 1520 3068 Hoc
1544 2990 1621 3066 sane
1642 2994 1721 3076 est,
1750 2997 1885 3068 inbuere.

434 3090 584 3184 gratiam
599 3091 780 3172 Rationis,
808 3095 993 3191 Scripturae
1008 3098 1160 3191 primum
1173 3090 1304 3163 bellum
1324 3090 1495 3173 indicere,
1523 3094 1648 3162 rum&
1664 3093 1789 3163 Ratio-

434 3186 473 3256 ni
492 3180 580 3280 ipsi,
608 3186 642 3259 in
661 3188 833 3285 Scriptura
855 3192 903 3259 ita
919 3191 1183 3284 interpretanda.
1236 3190 1329 3275 Quis
1346 3189 1437 3257 enini
1459 3187 1595 3283 regulas
1620 3189 1789 3283 interpre-

435 3280 580 3353 tationis
599 3276 743 3377 sequens
763 3307 850 3380 quas
871 3280 1053 3379 praescribit
1074 3286 1210 3362 Ratio,
1238 3282 1390 3352 animum
1408 3281 1566 3354 inducere
1584 3280 1718 3378 potest,
1747 3303 1807 3354 ut.

435 3375 578 3456 credat,
604 3376 782 3449 hominem
802 3374 920 3448 sanum
940 3381 976 3449 δι
1002 3375 1178 3459 sobrium,
1204 3376 1309 3456 dum,
1337 3376 1371 3446 in
1388 3373 1524 3446 historia
1542 3400 1785 3474 portentorum

435 3473 563 3559 plena,
593 3497 705 3545 narrat
727 3476 900 3546 soeminam
913 3475 1065 3571 aliquam
1084 3474 1204 3545 fastam
1219 3464 1280 3543 else
1297 3470 1439 3544 statuam
1457 3466 1534 3544 salis
1545 3519 1556 3554 ,
1585 3472 1651 3547 lioc
1670 3471 1788 3549 solum

437 3571 551 3642 dicere
580 3565 755 3652 voluisse,
791 3596 868 3642 eam
895 3572 1027 3683 ingenti
1055 3593 1151 3642 metu
1177 3568 1448 3667 presenciarum
1472 3572 1650 3667 repentina
1673 3594 1786 3645 morte

438 3661 558 3739 obiisse
570 3713 581 3748 ,
610 3662 712 3740 suave
732 3666 965 3766 imprudentia
979 3668 1123 3765 propius
1144 3666 1293 3738 flammis
1319 3661 1658 3738 admotamarsilsei
1692 3673 1786 3757 Quis

438 3759 609 3854 ejusmodi
626 3765 812 3837 verborum
830 3786 989 3861 portenta
1004 3766 1040 3836 in
1064 3761 1197 3857 Polybio
1223 3763 1342 3861 aliquo
1372 3766 1549 3837 aurLivio
1568 3761 1680 3837 serati
1712 3771 1787 3841 nur
1883 3842 1887 3846 ,

437 3862 520 3959 quis
535 3883 665 3934 tantam
685 3865 909 3959 interpretum
929 3865 965 3934 in
978 3856 1189 3957 simplicibus
1206 3862 1322 3932 uerbis·
1339 3883 1458 3931 eorum
1477 3862 1712 3957 pervertendis
1722 3888 1786 3936 au·

434 3957 570 4029 daciam
589 3951 655 4029 fine
673 3958 910 4055 indignatione
929 3959 1054 4056 legati
1080 3956 1224 4029 Adeone
1243 3961 1359 4028 omnia
1376 3958 1477 4029 nobis
1496 3958 1530 4029 in
1542 3960 1670 4031 Divina
1680 3960 1786 4032 volu·

433 4054 531 4129 mina
545 4054 647 4129 licere
671 4056 902 4134 arbitramur,
935 4080 1014 4151 quae
1034 4050 1057 4125 si
1079 4056 1159 4151 quis
1181 4057 1215 4126 in
1238 4055 1388 4125 Plutum
1407 4075 1467 4127 aut
1486 4058 1662 4129 anianum
1677 4058 1787 4128 aude-

437 4172 516 4232 ret,
543 4173 583 4223 ut
604 4148 796 4224 exsecrandi
815 4151 851 4221 in
865 4151 1057 4247 Republica
1072 4152 1239 4224 Literaria
1260 4150 1383 4248 flagitii
1399 4174 1505 4233 reus,
1530 4147 1619 4227 sacer
1639 4155 1676 4227 ὃ(
1695 4154 1788 4225 inte-

438 4245 569 4320 stabilis
585 4246 647 4318 efle
669 4249 842 4337 juberetur
860 4271 880 4317 a
902 4253 1028 4319 Senatu
1047 4245 1255 4344 Populoque
1275 4246 1509 4320 Criticoninil

535 4348 642 4419 XXI.
669 4350 843 4417 Caeterum
866 4344 1032 4440 quidnam
1048 4344 1140 4415 illud
1156 4342 1226 4425 est,
1254 4343 1352 4441 quod
1370 4366 1550 4444 tantopere
1569 4345 1698 4444 refugit
1711 4350 1868 4428 Ram.
1884 4358 1958 4462 Q

433 4436 510 4517 rio}
534 4443 651 4517 Deum
674 4440 781 4522 faeere
798 4440 982 4542 portenta}
1007 4441 1082 4519 Ubi
1103 4463 1272 4637 terragio}
1288 4434 1436 4517 sumus}
1473 4445 1638 4523 Haecemc
1652 4446 1691 4517 in
1708 4467 1783 4614 rrdqe0
1791 4436 1971 4580 :3221ssae
