4667 5442
1369 1659 1422 1691 '⁴‘
1455 1684 1474 1702 ²
1671 1652 2054 1769 ,UUM
2093 1674 2268 1736 ante
2307 1655 2454 1738 hos
2510 1656 2637 1765 sex
2689 1681 2935 1737 annos
2938 1675 3274 1834 ¹5²er
3319 1650 3664 1760 aliquam

1441 1848 1442 1851 Ν
1594 1767 1602 1783 ”
1819 1753 2090 1830 harum
2162 1757 2821 1834 Exercitationum
2864 1810 2887 1844 ,
3010 1753 3324 1848 ltrajesti
3387 1750 3657 1860 elue-u·-

1013 1859 1033 1935 ξ
1225 1923 1237 1939 ,
1357 1869 1361 1879 ‘
1406 1871 1414 1878 ’
1479 1865 1554 1931 3.
1821 1845 2164 1940 bratam,
2216 1851 2300 1930 in
2342 1851 2601 1930 lucem
2642 1847 2998 1941 ederem,
3069 1873 3232 1929 non
3277 1845 3413 1928 diu
3466 1846 3665 1925 mlhl

1011 2011 1012 2026 Ν
1522 2003 1534 2038 .÷
1670 1923 1746 2071 ,ᾖ
1819 1943 2401 2026 deliberandum
2446 1947 2587 2026 fuit
2618 2003 2642 2037 ,
2716 1949 2927 2025 VIR
2977 1948 3657 2033 NOBJLJSSJME,

969 2064 970 2083 ¹
1184 2043 1233 2056 ““
1278 2083 1293 2094 ·-
1325 2059 1341 2068 “
1369 2051 1390 2064 ²
1675 2059 1677 2063 ’
1714 2039 1754 2091 ¹*
1817 2044 2029 2138 cujus
2179 2041 2609 2126 otiffimum
2695 2069 2997 2124 nomen
3094 2039 3411 2146 pagellis
3510 2037 3665 2118 istis

1754 2195 1762 2200 ι
1819 2137 2111 2242 praeseri
2168 2171 2410 2224 erem.
2459 2143 2585 2220 Tu
2612 2141 3051 2222 amicorum
3077 2141 3437 2218 omnium
3465 2160 3669 2216 unus

1818 2258 2000 2316 tunc
2065 2242 2404 2320 maxime
2458 2239 2908 2319 occurrebas
2948 2295 2972 2331 ,
3059 2238 3159 2318 ad
3288 2261 3473 2315 uem
3534 2231 3666 2312 sua

1570 2344 1730 2384 ‘2
1819 2336 2087 2438 sponte
2121 2336 2584 2425 inclinabat,
2638 2338 3035 2441 &impetu
3075 2360 3235 2442 quo
3295 2359 3426 2412 am
3468 2329 3663 2409 fere-

1619 2468 1648 2471 *
1687 2454 1693 2455 ’
1816 2433 2035 2513 batur
2068 2437 2394 2514 animus.
2498 2439 2775 2541 Neque
2806 2435 3160 2541 profecto
3207 2427 3439 2510 cassus
3488 2429 3665 2506 rati-

963 2554 1120 2608 one
1157 2533 1486 2634 impetus
1526 2532 1657 2611 iste
1691 2533 1876 2611 fuit:
1936 2528 2090 2614 five
2133 2531 2294 2622 Te,
2366 2529 2520 2613 five
2576 2559 2704 2612 me
2741 2531 3101 2637 spestem.
3203 2533 3294 2608 Et
3337 2527 3455 2606 Te
3492 2527 3662 2632 qui-

959 2624 1149 2706 dem
1213 2623 1436 2732 quod
1499 2631 1813 2718 attinet,
1883 2646 2136 2710 tantus
2176 2625 2331 2718 est,
2404 2651 2655 2731 quum
2719 2650 3167 2708 eaeterarum
3224 2628 3603 2706 virtutum
3635 2675 3659 2712 ,

959 2741 1135 2804 tum
1178 2721 1635 2806 erudltionis
1669 2747 1816 2804 tuae
1862 2724 2220 2826 splendor
2249 2780 2273 2815 ,
2327 2744 2539 2804 tanta
2574 2730 3051 2832 optimarum
3088 2723 3485 2802 literarum
3530 2743 3668 2797 co-

962 2823 1088 2926 pia
1120 2870 1142 2904 ,
1216 2841 1469 2899 tantus
1514 2824 1593 2901 in
1642 2823 1983 2903 literatos
2021 2822 2291 2912 favor3
2363 2843 2449 2902 ut
2485 2849 2725 2904 nemo
2776 2825 2900 2904 hic
2941 2850 3037 2903 ex
3094 2847 3190 2900 eo
3234 2819 3660 2899 hominum

1015 2942 1241 2995 enere
1283 2918 1709 2999 inveniatur
1736 2972 1759 3010 ‚
1814 2922 1949 3026 qui
1993 2946 2157 2999 non
2194 2921 2272 2999 in
2327 2947 2609 3024 magna
2646 2919 3023 3001 felicitatis
3072 2917 3220 3026 suae
3303 2938 3462 2995 arte
3491 2912 3659 3026 col-

991 3033 1207 3120 ocet‚
1276 3012 1455 3092 Tibi
1499 3015 1686 3096 haut
1726 3015 2192 3122 displicuisse.
2294 3021 2556 3113 Quam
2604 3039 2867 3095 natura
2907 3015 3091 3092 Tibi
3134 3017 3213 3093 in
3246 3031 3502 3092 everat
3538 3038 3659 3090 ιη-

945 3113 1168 3218 genii
1205 3107 1587 3191 solertiam
1613 3169 1636 3203 ,
1689 3141 1860 3195 eam
1899 3116 2005 3218 pii
2038 3141 2128 3194 ae
2157 3111 2722 3220 prudentissimi
2757 3111 3090 3216 parentis
3117 3109 3429 3188 sollicita
3475 3103 3662 3189 edu-

960 3208 1166 3288 catio
1215 3229 1374 3287 tam
1414 3208 1730 3289 feliciter
1767 3210 2152 3302 excoluit,
2207 3228 2293 3288 ut
2331 3235 2497 3287 non
2536 3207 2764 3287 flores
2812 3205 3067 3286 solum
3094 3262 3117 3298 ,
3173 3203 3298 3284 sed
3342 3210 3421 3286 &
3461 3205 3658 3285 fruc-

957 3321 1080 3386 tus
1120 3324 1428 3387 aetatem
1469 3327 2049 3388 anteverterent.
2151 3307 2513 3384 Tuorum
2555 3309 2839 3409 quippe
2889 3302 3238 3408 exempla
3276 3325 3656 3394 tuentem,

961 3406 1044 3484 &
1083 3407 1334 3493 Avus,
1390 3409 1468 3484 &
1513 3405 1766 3484 Pater,
1821 3411 1896 3484 &
1943 3404 2189 3483 Patrui
2217 3457 2238 3492 ,
2293 3406 2371 3480 δι
2416 3405 2711 3491 Frater,
2783 3401 3069 3479 incluta
3106 3421 3337 3503 atque
3376 3419 3658 3476 aeterna

957 3502 1287 3580 nomina
1327 3552 1351 3588 ,
1445 3497 1544 3578 ad
1593 3500 1947 3608 praeclara
1998 3525 2324 3608 quaeque
2369 3497 2819 3580 excitabant.
2923 3492 3503 3607 Adeo-quidem·
3574 3513 3659 3604 ut

953 3594 1214 3675 laurea
1255 3596 1767 3691 Academica,
1819 3595 2230 3678 doctarum
2270 3601 2595 3703 praemio
2642 3594 3015 3674 frontium
3060 3642 3082 3678 ‚
3148 3619 3300 3687 lam
3340 3587 3651 3703 redlmi-

955 3709 1076 3768 tus
1112 3744 1131 3776 ,
1184 3689 1522 3796 necdum
1563 3693 1808 3795 posita
1851 3695 2212 3794 lanugine
2241 3748 2262 3780 ,
2324 3695 2404 3770 in
2462 3690 2961 3796 Amplissimo
3004 3695 3479 3772 Batavorum
3518 3689 3656 3767 D1-

953 3784 1269 3864 casterlo
1321 3783 1599 3865 caussas
1635 3814 1939 3889 ageres,
1994 3817 2078 3865 ea
2121 3788 2493 3868 modestia
2578 3815 2688 3865 uae
2732 3787 3011 3867 deeora
3038 3787 3185 3866 istis
3211 3787 3429 3866 annis
3465 3806 3654 3863 erat.

955 3908 1044 3960 ea
1109 3880 1522 3988 constantia
1636 3912 1749 3963 uae
1799 3882 2226 3963 studiorum
2271 3890 2350 3964 ὅ(
2402 3912 2541 3964 cau
2604 3882 2663 3961 'ae
2714 3881 3077 3964 fiduciam
3119 3903 3513 3988 argueret,
3569 3910 3655 3962 ea

952 3977 1291 4084 demque
1346 3909 1696 4090 facundia
1799 4008 1913 4060 uae
1960 3985 2321 4060 omnium
2368 3982 2547 4060 Tibi
2585 3980 2802 4060 facile
2832 3982 3284 4061 conciliabat
3316 3977 3653 4088 admira·

955 4079 1279 4155 tionem.
1383 4078 1686 4157 Deblnc
1811 4082 1877 4158 ei
1939 4078 2208 4157 ublicae
2249 4077 2620 4168 admotO,
2691 4075 3004 4158 simulac
3049 4100 3433 4158 maturior
3474 4098 3653 4159 aetas

949 4199 1079 4250 ma
1141 4172 1422 4252 istratui
1470 4180 1548 4255 &
1599 4176 1887 4256 honori
1948 4201 2030 4256 us
2077 4201 2160 4254 ca
2218 4172 2535 4264 essendis
2582 4172 2960 4266 idoneum
3003 4172 3329 4260 fecisset,
3402 4175 3654 4277 prima

949 4273 1082 4373 qui
1143 4299 1269 4348 em
1319 4296 1676 4353 curarum
1723 4272 1866 4353 fiait
1927 4293 2009 4353 ut
2108 4299 2156 4350 u
2187 4273 2655 4354 cherrimam
2721 4271 2935 4352 illam
2997 4274 3271 4379 Teque
3313 4265 3657 4382 dignissi·

945 4392 1166 4446 mam
1208 4367 1533 4472 spartam
1577 4397 1740 4450 non
1775 4371 2046 4476 perfun
2124 4371 2293 4453 orie
2326 4395 2635 4450 ornares
2663 4421 2687 4458 ,
2750 4381 2827 4449 δι
2878 4372 3128 4450 Curiae
3190 4367 3655 4448 Provinciali

943 4463 1355 4572 adscriptus
1383 4521 1406 4556 ‚
1462 4467 1752 4550 civibus
1783 4471 1929 4551 tuis
1952 4470 2064 4562 ius
2099 4467 2385 4549 diceres
2410 4523 2433 4558 ,
2486 4469 2594 4545 uti
2618 4462 2907 4545 castum
2947 4464 3378 4546 Themidos
3420 4463 3653 4542 sacer-

945 4583 1256 4646 aotem,
1325 4568 1398 4640 δε
1464 4567 1529 4643 ri
1588 4562 1804 4645 idum
1858 4563 2154 4659 iustitiae
2199 4563 2595 4646 satellitem
2650 4561 2966 4643 decebat
3017 4595 3035 4642 :
3108 4588 3302 4640 mox
3354 4557 3653 4642 Consul

940 4683 1240 4745 creatus
1260 4715 1286 4757 ‚
1335 4590 1696 4769 fingtfiari
1743 4661 2150 4769 prudentia
2200 4687 2290 4743 ac
2352 4657 2508 4743 fide
2548 4661 2857 4746 Civitati
2895 4659 3359 4743 consuleres:
3436 4653 3658 4738 deni-

3495 4780 3655 4862 que
