4667 5442
495 481 600 612 676
815 482 1034 577 Οιιιτιο
1082 482 1257 578 Iuncto.
1294 480 1537 602 FnausQ

497 648 631 723 dietam
648 645 710 747 qui
727 642 862 721 homini
892 670 933 720 os
952 647 1163 746 &linguam
1183 645 1345 722 sormavit
1365 693 1377 731 ,
1409 624 1471 743 qui
1500 641 1599 756 fingit
1624 623 1847 756 fingulonror'

498 746 603 821 eorda
622 750 660 822 δι
679 746 808 819 idcireo
818 746 975 818 omnium
992 748 1125 841 optime
1141 747 1240 818 novit
1254 769 1325 844 qua
1341 747 1472 819 ratione
1489 768 1548 817 cor
1566 738 1686 815 instrui
1698 742 1737 817 &
1755 763 1831 812 mo·

496 844 571 917 veri
587 842 723 916 debeat.
773 846 851 932 Qut
879 866 1110 933 nooprrun,
1139 867 1354 933 sernrun
1381 868 1432 914 ur
1459 864 1633 931 nrooprn
1659 842 1834 919 Danaen

495 939 796 1050 quemadmodum
816 932 980 1013 otiosa&
995 934 1115 1010 odiosa
1126 937 1412 1051 Scholasticorum
1423 936 1615 1049 barbaries,
1637 928 1704 1104 lsecl
1713 957 1835 1047 quem·

494 1034 1256 1231 {missilisilllssiilllssllli·
1274 1033 1836 1226 saillffil‘ffiligss‘lssffi

497 1232 536 1303 &
553 1228 723 1327 ampullas
735 1231 771 1300 &
787 1251 914 1300 vocum
926 1225 1075 1300 ludibria
1088 1229 1124 1298 &
1136 1250 1274 1300 canoras
1287 1250 1394 1325 nugas
1404 1229 1439 1300 in
1453 1225 1663 1324 Theologiae
1700 1219 1833 1297 uafive·

496 1348 558 1399 nas
578 1323 753 1398 &viscera
770 1324 921 1412 trajicere
941 1367 953 1404 ,
979 1347 1017 1395 ac
1036 1324 1207 1422 Reginam
1225 1323 1322 1396 illam
1340 1323 1554 1398 scientiarum
1570 1325 1607 1395 in
1624 1250 1833 1394 stridentium

495 1420 746 1496 vocabulorum
757 1419 1010 1518 praedagogicas
1020 1418 1204 1516 compedes
1215 1420 1355 1493 induere
1367 1467 1379 1504 ,
1408 1444 1478 1493 non
1495 1417 1644 1501 esthoc,
1670 1416 1834 1491 mihicre-

497 1517 568 1601 de,
596 1542 666 1590 non
686 1515 731 1589 est
749 1540 812 1614 pro
830 1538 916 1598 tua,
954 1540 1023 1589 non
1043 1512 1089 1591 est
1108 1540 1174 1612 pro
1194 1516 1289 1590 illius
1309 1541 1416 1614 quam
1447 1512 1619 1615 profiteris
1643 1509 1831 1615 sapientire,

389 1636 395 1650 ·
496 1614 687 1715 dignitate,
715 1617 777 1685 Vir
797 1613 877 1688 Dei.

595 1712 808 1807 Dignitatem
830 1732 905 1782 eam
924 1729 965 1782 uc
982 1707 1140 1785 decenter
1166 1711 1313 1794 tuearis,
1341 1706 1536 1808 simpliciter
1560 1708 1711 1808 loquere
1730 1754 1742 1792 ,
1767 1729 1831 1781 noo

497 1800 713 1907 persuasoriis
729 1804 887 1879 humanae
907 1801 1079 1902 sapientiae
1095 1808 1209 1880 verbis
1227 1853 1238 1889 ,
1265 1800 1370 1881 sedin
1389 1805 1681 1881 demonstratione
1697 1807 1832 1903 Spiritus

498 1909 536 1979 &
553 1906 741 2002 potentiae,
768 1924 948 1998 totamque
966 1902 1213 1976 institutionem
1227 1927 1323 1999 tuam
1336 1929 1378 1978 eo
1389 1905 1521 2005 dirige,
1548 1926 1589 1977 ut
1608 1900 1770 2001 discipuli
1784 1899 1830 1973 tui

497 2025 569 2074 non
589 2002 685 2073 vanis
702 1993 990 2098 phantasmatibus
1002 2023 1154 2071 mentem
1172 2000 1324 2097 repleant
1342 2046 1354 2083 ,
1381 1997 1439 2073 sed
1464 1997 1676 2074 aedificentur
1699 2002 1736 2073 in
1759 1994 1832 2077 fide

496 2092 715 2172 exardescant
731 2098 767 2169 in
786 2093 946 2168 charitate
965 2139 977 2176 ,
1004 2090 1235 2192 splendescant
1253 2096 1287 2167 in
1303 2090 1496 2180 sanctitate,
1525 2100 1561 2171 &
1572 2092 1744 2210 assurgant
1755 2086 1832 2168 insi·

498 2193 735 2269 militudinem
754 2193 834 2265 Dei.
885 2192 1053 2274 Utinam,
1075 2192 1208 2264 utinam
1234 2190 1424 2290 aliquando
1445 2196 1480 2268 in
1494 2192 1695 2268 Academirs
1718 2189 1828 2270 Refer·

498 2294 603 2366 matis
634 2287 741 2363 sancta
759 2288 820 2363 illa
846 2290 885 2361 dc
901 2308 957 2361 tot
970 2289 1108 2385 piorum
1127 2289 1221 2361 votis
1247 2292 1399 2386 expetita
1430 2290 1650 2389 Theologica
1677 2283 1829 2364 tradendi

497 2387 684 2461 methodus
700 2387 732 2459 vi
735 2408 834 2485 gear,
861 2409 941 2485 quae
961 2409 1031 2460 non
1049 2387 1084 2458 in
1102 2380 1192 2460 casca
1208 2379 1291 2458 fidat
1309 2388 1621 2486 contemplatione,
1649 2412 1722 2462 non
1739 2388 1772 2459 in
1787 2381 1826 2455 li·

496 2479 620 2581 tigiosa
639 2480 910 2582 disputationum
927 2482 1038 2580 jurgia
1052 2477 1248 2563 evanescat,
1273 2477 1332 2555 sed
1352 2484 1468 2559 vivida
1486 2482 1563 2557 luce
1576 2488 1612 2557 in
1624 2506 1740 2558 mente
1754 2479 1827 2555 ruti·

496 2578 568 2661 let,
595 2599 720 2676 vegeto
739 2579 850 2653 calore
867 2603 925 2651 cor
944 2578 1103 2653 accendat
1123 2623 1135 2661 ,
1173 2582 1212 2654 &
1226 2581 1407 2658 Naziraeos
1425 2579 1558 2656 nostros
1574 2582 1611 2654 in
1628 2603 1754 2680 typum
1768 2600 1826 2654 cte·

494 2673 633 2749 lollium
653 2677 837 2747 veritatum
853 2670 947 2770 quast
964 2672 1188 2749 transfirndac.

594 2770 702 2859 Qod
719 2793 792 2867 quo
811 2772 950 2852 animo,
971 2795 1044 2867 quo
1062 2767 1207 2846 successu
1228 2771 1288 2847 ille
1311 2772 1544 2861 allaborabit,
1573 2778 1636 2876 qui
1656 2800 1728 2852 non
1743 2775 1825 2875 prus

495 2861 611 2963 ipsum
630 2861 698 2937 sese
715 2871 795 2938 Deo
821 2867 965 2963 dignum
987 2864 1153 2965 finxerit?
1188 2875 1305 2969 Atque
1325 2871 1390 2946 hoc
1410 2874 1576 2948 ultimum
1603 2897 1705 2958 erat,
1738 2864 1823 2971 quod

494 2961 723 3061 Theologum
737 2961 888 3036 nostrum
910 2960 1142 3038 consummare
1163 2967 1341 3055 diximus,
1369 2995 1506 3044 morum
1519 2970 1650 3045 scilicet
1663 2970 1824 3069 profesto·

494 3062 532 3133 ni
545 3056 611 3133 suae
631 3055 910 3157 respondentium
935 3062 1133 3136 intaminata
1156 3064 1299 3141 castitas.
1349 3064 1549 3142 sanctificari
1566 3068 1647 3143 vult
1664 3070 1825 3140 nonnus

493 3158 530 3230 in
549 3158 592 3229 iis
611 3158 672 3253 qui
685 3156 728 3228 ad
744 3156 856 3254 ipsum
872 3157 1055 3241 accedunt,
1082 3155 1321 3237 &sacerdotes
1332 3160 1411 3237 suos
1420 3163 1546 3256 justicia
1557 3166 1667 3238 indui.
1688 3160 1758 3237 Nisi
1767 3151 1821 3257 ipsi

493 3255 531 3327 in
547 3254 708 3328 omnibus
728 3255 912 3327 virtutibus
927 3253 1126 3330 Christianis
1146 3255 1300 3333 fidelium
1313 3262 1521 3359 exemplaria
1539 3257 1628 3345 smt,
1655 3256 1714 3336 nisi
1722 3260 1821 3333 dicere

493 3373 624 3449 queant
640 3375 719 3425 curn
732 3351 868 3434 Paulo,
896 3375 961 3449 qua
980 3352 1198 3439 &didicissem
1218 3360 1262 3431 dr
1277 3357 1450 3455 accepistis,
1473 3363 1518 3435 d·
1533 3356 1716 3443 audivisti,
1735 3355 1824 3436 ovi·

492 3446 578 3532 disits
597 3453 632 3522 in
648 3473 724 3530 me,
746 3445 935 3540 haecfiuite:
961 3451 998 3521 δι
1013 3453 1269 3527 Incitatorecmei
1278 3453 1389 3539 estote,
1413 3462 1669 3552 queamdmodusn
1677 3480 1733 3551 ego
1744 3453 1824 3530 clri-

487 3543 533 3629 sti
543 3544 614 3632 sum
633 3571 642 3617 :
667 3545 747 3643 plus
767 3547 926 3643 improba
944 3549 1014 3618 vica
1027 3547 1230 3634 destruunt,
1257 3576 1362 3649 quam
1388 3550 1464 3625 sana
1483 3553 1638 3627 doctrina
1655 3552 1820 3631 aedificat

492 3638 653 3715 dedecori
677 3640 754 3714 sunt
776 3638 981 3715 sanstissimae
1001 3642 1209 3742 Religioni,
1237 3647 1280 3719 de
1307 3652 1449 3722 veritate
1472 3676 1593 3724 eorum
1611 3676 1694 3749 quae
1714 3648 1822 3752 pradi-

492 3756 571 3809 cant
595 3737 795 3811 addubitare
822 3738 976 3821 docent,
1003 3760 1109 3837 atque
1128 3743 1176 3815 ita
1194 3743 1439 3821 Libertinismo
1467 3750 1504 3821 &
1529 3747 1714 3823 Atheismo
1734 3751 1821 3824 latam

490 3852 626 3927 portam
647 3835 816 3932 pandunt.
865 3840 910 3909 Et
923 3859 991 3933 qua
1007 3833 1125 3934 quaeso
1138 3841 1270 3913 ratione
1289 3839 1360 3916 fieri
1371 3844 1506 3942 potest,
1533 3848 1621 3920 ucis
1641 3850 1703 3946 qui
1714 3846 1822 3921 verita·

490 3947 564 4000 tem
590 3926 765 4041 cognoscit
785 3935 836 4005 uti
859 3935 982 4005 veritas
1007 3937 1042 4006 in
1066 3931 1148 4037 Jesu
1168 3935 1243 4019 est,
1271 3966 1340 4014 non
1362 3943 1562 4015 incendatur
1586 3944 1686 4017 illius
1704 3962 1818 4018 amores

491 4044 555 4095 nec
573 4020 793 4103 sanctificetur
811 4030 848 4102 in
867 4028 1034 4104 veritate?
1059 4054 1098 4105 ut
1114 4035 1144 4106 is
1164 4035 1200 4106 in
1218 4038 1313 4126 cujus
1337 4042 1487 4111 tentorio
1512 4039 1680 4114 familiare
1690 4033 1821 4115 Domini

487 4125 731 4198 commercium
748 4124 817 4209 est,
845 4151 915 4200 non
937 4126 1097 4203 Henochi
1113 4133 1172 4206 vel
1188 4132 1325 4208 Noachi
1337 4134 1438 4209 inllar
1456 4160 1535 4210 cum
1556 4143 1638 4210 Deo
1651 4126 1819 4211 ambuletl

486 4218 573 4291 ucis
591 4220 687 4308 cujus
706 4223 821 4295 animo
847 4248 960 4298 rerum
979 4224 1165 4301 coelestium
1192 4222 1305 4303 sensus
1323 4234 1467 4332 quidam
1490 4260 1529 4307 ac
1550 4235 1669 4332 gustus
1691 4235 1819 4311 indier,

486 4312 778 4392 conversationem
796 4321 831 4393 in
853 4320 947 4395 coelis
961 4348 1030 4397 non
1039 4313 1168 4398 ¹habeat
1187 4321 1202 4395 ἓ
1228 4350 1266 4402 ut
1278 4333 1309 4403 is
1325 4334 1386 4427 qui
1398 4326 1571 4428 ipsissimas
1583 4336 1655 4405 Dei
1674 4335 1819 4407 virores.

480 4408 788 4520 resplendestotes
802 4418 841 4495 in
858 4416 945 4498 facie
964 4416 1206 4523 Jesuchriffi,
1233 4427 1394 4529 quotidie
1405 4430 1579 4521 intucttu,
1601 4420 1820 4596 circumfers&

1286 4551 1291 4562 ·
1731 4550 1775 4603 un
