4667 5442
674 437 750 533 Dr
778 417 1077 533 Punurcrr.
1111 440 1226 533 Luc.
1260 465 1324 532 er
1359 439 1557 534 Evauc.
1708 436 1805 537 661

565 607 613 679 X.
638 610 756 696 Quum
784 611 901 706 itaque
927 636 1016 685 nunc
1042 608 1253 707 perspedum
1281 607 1504 695 habeamus,
1540 608 1725 709 quomodo
1752 607 1989 708 lexx.SulOe·

467 701 589 775 soederi
606 707 723 800 gratiae
743 727 845 803 atque
858 708 1046 806 Evangelio
1066 703 1271 787 subserviat,
1300 706 1445 780 dubium
1468 705 1602 781 nonest
1622 707 1706 802 quin
1721 706 1930 777 veri-tvvm
1951 766 1959 782 .

465 820 554 871 tates
573 798 641 872 illae
660 797 721 874 sub
735 807 950 876 Oeconomia
965 803 1192 901 Evangelica,
1221 804 1323 875 etiam
1338 802 1548 876 Testamenti
1568 803 1664 875 Novi
1682 846 1692 883 ,
1719 825 1809 912 prae-
1818 769 1990 916 mi?

464 887 621 969 dic'andae
641 891 714 972 srnt.
765 905 840 972 Nec
853 901 1078 997 perfundorie
1097 899 1271 1011 profesto,
1300 897 1357 972 sed
1370 896 1489 972 sedulo
1502 925 1539 972 ac
1551 895 1660 971 serio:
1687 921 1865 1072 utam-q„
1888 936 1947 975 ,um

462 1017 546 1064 mus
559 993 687 1067 intimo.
705 1014 923 1091 peccatorum
944 992 1036 1069 sensu
1054 1019 1200 1094 perettus
1219 997 1263 1068 ad
1280 995 1405 1069 Christi
1422 998 1567 1095 gratiam
1584 992 1741 1066 anhelet.-
1767 1014 1806 1078 ut
1825 992 1962 1084 uisufibuf

462 1084 627 1188 agnoscat
645 1091 870 1187 praestantiam
891 1094 1133 1192 perfectissimae
1165 1091 1261 1166 illius
1288 1093 1494 1166 obedientiae
1518 1116 1624 1190 quam
1656 1115 1719 1187 pro
1739 1075 1954 1160 suislr‘d'w’

463 1181 716 1261 consummavit
732 1186 886 1262 Cbrillus
905 1218 914 1263 ι
941 1212 981 1262 ut
1001 1185 1062 1264 suo
1081 1190 1194 1288 pretio
1213 1187 1356 1263 aeslimet
1373 1185 1575 1264 beneficium
1593 1180 1761 1281 inscriptae
1771 1168 1843 1255 in⁰s
1845 1164 1923 1208 ’Μ’

462 1280 641 1355 mentibus
658 1286 789 1383 Legis:
816 1308 855 1359 ut
868 1286 1098 1360 inflammetur
1108 1309 1225 1358 amore
1236 1284 1418 1361 caslislrmae
1430 1284 1525 1358 illius
1538 1280 1718 1357 sanititatis
1728 1304 1808 1378 quae

460 1377 544 1477 lege
561 1377 782 1455 delineatur:
808 1404 847 1457 ut
869 1382 1027 1480 exploret
1054 1382 1180 1455 debitae
1201 1381 1418 1479 gratitudinis
1442 1382 1580 1455 officia:
1607 1401 1647 1452 ut
1664 1382 1744 1450 Deo
1764 1373 1809 1448 ad

463 1472 571 1550 decus
590 1499 627 1550 ac
645 1475 807 1561 laudem,
835 1482 998 1576 proximo
1018 1483 1055 1553 in
1075 1480 1277 1577 exemplum
1300 1475 1363 1562 srt,
1390 1473 1459 1552 suae
1478 1477 1628 1575 denique
1650 1471 1752 1548 saluti
1769 1495 1809 1546 ea

466 1596 538 1670 qua
557 1596 619 1668 par
641 1573 685 1648 est
702 1573 881 1672 diligentia
895 1599 1066 1673 operetur.

562 1671 628 1742 Xl.
655 1673 796 1744 Interim
812 1674 846 1744 in
866 1675 962 1745 omni
976 1697 1119 1785 quoque
1138 1674 1257 1771 gratiae
1276 1667 1804 1769 suaeopulentia'praedicandum
1814 1700 1866 1764 xp,
1883 1687 1983 1757 seu·

465 1759 513 1838 est
531 1766 773 1865 Evangelium.
825 1770 878 1844 Ut
896 1792 1116 1844 convincatur
1133 1771 1292 1849 animus,
1319 1764 1461 1841 salutem
1476 1763 1569 1840 suam
1579 1768 1678 1841 unice
1688 1768 1724 1837 in
1736 1766 1803 1837 Dei
1816 1779 1935 1848 Eamne·

462 1862 572 1959 gratia
591 1864 627 1934 δι
642 1862 768 1944 Christi
782 1860 1005 1938 satissastione
1028 1861 1123 1938 srtam
1139 1864 1224 1947 elle,
1252 1862 1339 1937 nihil
1358 1890 1377 1937 a
1399 1862 1430 1936 se
1449 1887 1507 1938 aut
1522 1857 1584 1936 esse
1606 1861 1802 1959 praestitum,
1812 1855 1882 1944 [ΜΕ
1897 1864 1956 1905 “⁶'’

461 1980 523 2030 aut
534 1957 681 2054 praestari
701 1986 854 2058 unquam
867 1957 985 2058 posse,
1013 1988 1086 2060 quo
1105 1963 1160 2036 vel
1181 1963 1360 2035 minimam
1381 1961 1582 2058 particulam
1600 1961 1681 2051 juris
1696 1957 1739 2029 ad
1751 1939 1959 2074 vi·⁰3''⁸}g⁴'

460 2075 534 2126 tam
557 2049 617 2127 fibi
633 2081 837 2151 comparet:
865 2057 1039 2132 Christum
1060 2056 1117 2132 sua
1144 2061 1278 2158 potenti
1299 2060 1407 2156 gratia
1433 2058 1617 2155 praevenire
1646 2026 1953 2161 hominesipirm,
1988 2053 1992 2064 '

458 2173 675 2324 peccatores,
704 2157 741 2226 &
761 2152 861 2252 eopse
877 2151 963 2254 saepe
983 2179 1164 2229 momento
1180 2181 1253 2252 quo
1278 2156 1314 2228 in
1334 2152 1515 2228 sceleribus
1535 2152 1602 2226 suis
1619 2150 1802 2225 incredibi-

474 2251 542 2320 iter
563 2243 748 2333 insaniunt,
776 2248 905 2325 exserta
923 2278 1026 2326 manu
1041 2278 1101 2325 eos
1118 2278 1161 2348 ap
1187 2250 1371 2323 rehendere
1387 2272 1426 2323 ut
1443 2249 1540 2323 suum
1555 2248 1751 2347 peculium,
1767 2250 1805 2318 &

460 2339 591 2440 absque
611 2337 681 2418 ulla
701 2350 826 2444 praevia
856 2349 1020 2420 laudabili
1050 2344 1269 2445 dispostione
1291 2350 1402 2443 prima
1426 2346 1736 2420 communicatione
1753 2340 1804 2414 sui

459 2443 609 2540 Spiritus
621 2439 681 2514 sibi
694 2446 735 2516 ad
751 2470 876 2517 novam
895 2446 1000 2517 vitam
1019 2447 1128 2517 unire.
1182 2445 1323 2525 Vitam,
1347 2469 1452 2541 quam
1466 2447 1502 2517 in
1520 2437 1553 2515 se
1574 2443 1694 2539 recipit
1708 2438 1805 2512 fove·

459 2564 523 2620 re,
547 2542 716 2621 excitate,
738 2535 953 2629 conservare,
974 2545 1011 2615 δι
1036 2542 1081 2613 ad
1096 2540 1230 2614 beatam
1251 2544 1474 2621 aeternitatem
1493 2562 1709 2637 promovere.
1761 2538 1807 2609 Et

460 2640 624 2735 quamvis
638 2635 708 2709 sieri
727 2636 821 2710 baud
839 2662 966 2736 queat,
993 2662 1032 2711 ut
1048 2640 1109 2737 qui
1130 2665 1192 2737 per
1209 2634 1383 2711 Christum
1398 2634 1591 2711 vivificatus
1609 2632 1655 2710 esl
1669 2658 1738 2708 non
1751 2633 1808 2704 vi·

459 2753 521 2806 vat
538 2731 674 2806 Christo
697 2763 706 2808 t
734 2735 819 2808 nihil
839 2758 951 2809 tamen
975 2732 1059 2820 else,
1087 2737 1130 2810 de
1143 2761 1216 2835 quo
1237 2738 1338 2809 etiam
1350 2737 1413 2833 qui
1426 2734 1619 2808 sanctissime
1631 2732 1718 2805 vivit
1726 2728 1807 2828 glo-

459 2831 590 2912 rietur,
618 2831 716 2928 quod
732 2834 851 2921 jastet,
875 2833 973 2930 quod
992 2841 1071 2907 Deo
1092 2834 1264 2915 ostentet,
1292 2833 1347 2905 cui
1368 2832 1518 2930 denique
1540 2853 1709 2929 quatenus
1732 2852 1751 2897 a
1773 2821 1807 2899 se

460 2924 715 3001 ellrenunciate
735 2956 804 3003 non
821 2931 966 3015 debeat,
993 2954 1163 3031 quatenus
1182 2954 1298 3003 autem
1319 2953 1339 2999 a
1364 2930 1431 3002 Dei
1450 2931 1581 3028 Spiritu
1599 2924 1646 3000 est
1663 2927 1698 2996 in
1721 2920 1805 2995 soli·

459 3024 547 3096 dum
567 3026 734 3122 imputare
751 3029 888 3100 Divinae
908 3031 1039 3127 grariae.
1090 3029 1324 3100 Enimvero&
1342 3025 1413 3098 haec
1425 3048 1519 3099 tanta
1535 3019 1634 3104 sunt,
1661 3040 1804 3114 tamque

459 3118 686 3196 momentosas
703 3126 876 3205 veritatis,
904 3147 943 3195 ut
961 3121 1039 3197 satis
1055 3123 1217 3195 inculcari
1235 3146 1304 3193 non
1344 3120 1455 3194 osl'mt.

561 3219 643 3287 Xll.
671 3223 787 3313 Atque
804 3221 852 3288 ita
871 3241 942 3290 tam
958 3223 1035 3290 Lex
1047 3240 1153 3313 quam
1175 3147 1401 3310 Evangelium
1415 3216 1451 3288 in
1473 3210 1608 3288 summo
1622 3212 1802 3312 perfectio-
1854 3229 1920 3298 χιι,

458 3313 516 3385 nis
530 3305 595 3381 suae
605 3312 722 3406 apice,
749 3307 809 3383 sub
819 3315 1034 3386 Oeconomia
1045 3312 1269 3409 Evangelia,
1291 3310 1506 3405 praedicanda
1517 3305 1612 3392 sunt,
1640 3306 1962 3406 utnequellmru

456 3406 568 3503 Legis
588 3405 791 3505 obligationi
803 3430 971 3504 quatenus
982 3404 1188 3480 sanditatem
1200 3412 1279 3479 Deo
1289 3404 1431 3504 dignam
1442 3409 1597 3507 praecipit
1608 3406 1801 3505 quidquam
1812 3407 1840 3443 ”³
1848 3383 1961 3534 [γ’.

456 3504 631 3577 deteratur
651 3528 711 3602 per
731 3504 981 3603 Evangelium,
1012 3529 1126 3602 neque
1142 3503 1381 3579 liberalissimae
1409 3507 1526 3606 gratiae
1546 3504 1726 3604 Evangelii
1746 3479 1893 3619 vclffi
1907 3478 1976 3520 ’Μ

455 3600 645 3674 minimum
664 3600 847 3701 derogetur
865 3626 928 3700 per
944 3607 1089 3701 Legem.

559 3701 655 3772 Xlll.
682 3704 731 3771 At
746 3723 819 3796 quo
840 3699 960 3772 ordine
973 3698 1175 3774 instituenda
1185 3698 1384 3799 praedicatio
1397 3697 1463 3774 esti
1488 3702 1538 3773 Ea
1558 3695 1645 3774 mibi
1656 3693 1799 3797 quaestio
1808 3715 1981 3779 mom

457 3795 716 3894 propemodum
733 3791 979 3893 supervacanea
1000 3820 1104 3893 atque
1122 3798 1256 3872 inutilis
1275 3789 1339 3870 esse
1359 3797 1522 3884 videtum
1546 3819 1656 3895 quum
1674 3794 1868 3868 utrius·dim
1877 3789 1979 3862 Μ

459 3916 531 3988 que
549 3891 825 3989 praedicationem
837 3895 932 3993 jungi
947 3892 1078 3994 semper
1096 3916 1268 3991 oporteat.
1320 3897 1390 3969 eui
1408 3896 1499 3968 enim
1513 3891 1713 3994 probabitur
1725 3871 1890 4003 ῑτιιιιᾞῇο
1901 3865 1978 3926 “⁵''

458 3989 660 4087 imprudens
679 4015 792 4063 retum
804 3989 1006 4074 aestimator,
1034 3993 1096 4088 qui
1106 3993 1260 4064 animum
1271 3992 1411 4064 inducat
1421 3992 1619 4065 continuato
1629 4013 1689 4088 per
1702 3965 1897 4099 men-{m}
1899 3965 1944 4078 ζ’.

456 4079 511 4158 ses
529 4085 665 4183 aliquot
683 4087 770 4186 legis
791 4090 961 4185 praeconio
980 4089 1116 4162 animos
1135 4083 1478 4162 scilicetemollire&
1494 4111 1681 4186 praeparare
1693 4088 1974 4188 Chri-trampus·

457 4179 532 4264 llo,
551 4181 647 4255 nulla
664 4186 801 4258 interim
815 4184 899 4258 satta
914 4181 1040 4259 Christi
1053 4187 1229 4258 mentione
1249 4183 1261 4255 ἓ
1288 4192 1360 4258 Aut
1380 4184 1617 4283 quisnotabili
1629 4185 1797 4281 temporis
1807 4179 1864 4270 ΜΞ
1875 4173 1976 4252 praa»-

458 4273 571 4375 spatio
588 4273 670 4352 solis
686 4282 866 4381 Evangelii
885 4280 1173 4354 blanditiisaures
1192 4283 1408 4365 demulceat,
1437 4308 1477 4356 ne
1505 4307 1549 4356 ue
1571 4277 1669 4356 srmul
1688 4262 1951 4388 incul-:JJss-'W'
1993 4329 1997 4336 -

457 4389 539 4463 cet,
562 4376 749 4454 vivendum
768 4376 832 4456 elle
848 4374 943 4458 srcuti
963 4377 1109 4482 dignum
1127 4377 1400 4481 estEvangeliol
1425 4385 1451 4459 F
1533 4380 1657 4483 elegis
1671 4398 1800 4451 terrore
1860 4368 1870 4390 ⁰

1063 4481 1264 4571 Oooo3
1703 4493 1802 4560 tuen,
