4667 5442
470 484 576 603 '414
716 474 1732 575 Exen01trntoXV

472 635 767 717 inaestimabilibus
784 636 898 709 bonis.
952 639 1038 706 Haec
1062 635 1153 706 enim
1178 636 1294 707 omnia
1314 638 1383 708 Dei
1402 637 1673 734 acceptationem
1696 630 1836 732 gratio&

473 736 545 814 sam
563 784 575 821 ,
602 735 753 810 reditum
772 731 896 830 populi
911 733 949 803 in
967 726 1062 802 suam
1078 753 1225 813 terram,
1252 732 1470 829 Reipublicae
1480 732 1749 812 restitutionem,
1764 755 1833 827 po·

341 851 343 859 '
386 891 388 898 .
473 835 550 937 puli
571 858 642 933 prae
660 830 848 922 majoribus
861 824 930 901 suis
950 825 1298 923 multiplicationem,
1327 828 1622 928 collationemque
1631 824 1831 901 beneficio·

473 958 553 1009 rum
568 929 681 1003 multo
699 952 806 1025 quam
816 950 969 1022 unquam
985 922 1216 1020 ampliorum,
1244 926 1454 1010 involvunt,-
1477 924 1832 1021 jucundiisrmamqtte

474 1026 675 1125 lugentibus
705 1025 826 1095 Zionis
850 1017 1118 1096 consolationem
1144 1023 1308 1119 ptaebent.
1359 1021 1461 1097 Nihil
1482 1046 1565 1121 ergo
1587 1020 1757 1094 hactenus
1784 1020 1832 1094 est

475 1122 612 1223 quoda
633 1124 744 1218 prima
763 1116 930 1218 Johannis
950 1119 987 1188 &
1005 1115 1131 1189 Christi
1150 1122 1359 1216 cogitatione
1377 1144 1440 1191 nos
1460 1120 1617 1197 abducat,
1639 1155 1643 1162 ν
1671 1117 1833 1189 Addutit

476 1243 593 1296 autem
611 1218 776 1293 clrataster
792 1215 959 1310 temporis
979 1214 1143 1286 vaticinio
1158 1214 1224 1289 hoc
1243 1216 1413 1312 descripti.
1465 1214 1753 1289 Nimirumillud
1776 1213 1831 1287 hic

475 1340 614 1414 tempus
628 1308 844 1409 designatur,
872 1334 946 1405 quo
972 1308 1103 1381 dicetur
1119 1310 1273 1385 Ecclesrae
1302 1313 1406 1398 Πΐὲἒξ
1425 1273 1533 1401 Πζιξῆ
1549 1314 1588 1409 ’ξ
1614 1316 1700 1403 quod
1719 1311 1833 1406 imple·

477 1437 546 1489 em
571 1432 599 1483 tt
616 1428 737 1505 tempus
745 1412 777 1480 ei
781 1404 1012 1503 ptedefiaitum.
1061 1409 1142 1480 Hoc
1153 1406 1211 1489 est,
1224 1411 1323 1507 quod
1334 1412 1417 1483 alibi
1431 1435 1595 1492 vocatur,
1611 1406 1832 1504 ‘interiectio

478 1510 558 1583 Gal.
573 1531 638 1581 1v:
662 1530 697 1579 2.
725 1507 762 1576 &
779 1500 929 1588 vulparia
945 1504 987 1567 ai
1008 1500 1097 1593 apim
1114 1500 1200 1577 vers.
1216 1529 1253 1595 4.
1277 1512 1315 1582 δι
1335 1526 1428 1597 wrm
1452 1507 1672 1601 Hab.11:3.
1712 1513 1832 1595 Quan-

480 1608 530 1679 do
555 1596 644 1688 lull
658 1602 751 1693 ”32¹³
775 1598 916 1690 absoluta
935 1604 1000 1676 erit
1017 1603 1170 1696 iniquitas
1189 1603 1323 1698 ipsorum
1331 1610 1372 1676 ad
1375 1603 1548 1699 gratiosam
1560 1608 1831 1701 acceptationem:

479 1704 567 1777 hanc
590 1705 683 1775 enim
709 1703 782 1772 vim
808 1700 955 1772 Hebraea
977 1695 1081 1770 uerba
1101 1694 1241 1771 habent.
1290 1702 1549 1798 consequenter
1568 1703 1685 1797 agitur
1709 1699 1768 1773 hie
1790 1699 1830 1770 de

367 1878 372 1887 Ι
482 1760 594 1888 niul}
608 1787 773 1891 simil?
796 1822 876 1871 anno
904 1797 1120 1893 acceptationis
1146 1796 1295 1886 Jehovae.
1319 1793 1388 1899 Jes.
1413 1822 1548 1872 cx122.
1575 1821 1691 1896 eaque
1710 1798 1831 1895 peccati

479 1902 682 1997 expiatione,
706 1898 744 1968 &
758 1893 894 1985 justitiae
907 1913 1041 1965 aetemae
1056 1889 1282 1977 adductione,
1310 1919 1390 1992 quae
1410 1920 1471 1992 pet
1482 1891 1659 1967 Christum
1676 1893 1828 1968 sadaesi.

481 1995 775 2070 Cons.Dan.1x:
796 2013 856 2082 24.
882 1987 989 2063 Zacl-r.
1005 2010 1086 2071 111:
1098 2010 1134 2078 9.
1166 1995 1294 2073 Porto,
1323 1990 1525 2064 omniafere
1545 1994 1655 2065 totius
1676 1998 1749 2067 Pto
1775 1990 1831 2064 he·

481 2096 539 2167 tiae
559 2092 661 2166 verba
678 2088 722 2162 ad
740 2085 915 2160 Christum
933 2085 1089 2166 ducunt,
1117 2088 1154 2158 δι
1183 2087 1376 2187 augustiora
1402 2084 1505 2170 sunt,
1533 2112 1642 2184 quam
1665 2110 1713 2161 ut
1737 2017 1830 2162 alteri

483 2193 676 2286 cuicunque
700 2184 862 2281 applicari
882 2175 1031 2280 possunt.
1086 2182 1176 2271 Quis
1202 2190 1294 2257 enim
1310 2184 1357 2258 est
1379 2185 1549 2277 Jchova,
1574 2186 1629 2258 tui
1646 2185 1831 2282 praeparati

482 2290 576 2361 viam
597 2284 770 2381 oportuit,
797 2276 858 2354 nist
877 2280 1052 2353 Dominus
1071 2279 1132 2352 ille
1152 2281 1214 2389 qui
1229 2281 1272 2352 ad
1283 2281 1475 2378 Templum
1487 2276 1519 2353 se
1530 2276 1630 2355 suum
1642 2305 1830 2355 venturum

483 2383 661 2484 pollicitus
679 2400 772 2461 etat,
801 2401 908 2476 quem
922 2375 1120 2472 quaerebant
1138 2378 1189 2473 pri
1209 2376 1364 2451 lsra'e'litae
1384 2426 1395 2460 ,
1423 2378 1577 2475 Angelus
1604 2378 1667 2452 ille
1692 2379 1828 2453 foederis

482 2507 556 2579 quo
574 2477 844 2557 delectabantur,
871 2477 909 2547 &
927 2476 981 2549 cui
993 2497 1054 2570 per
1072 2474 1281 2548 mittendum
1297 2481 1407 2548 aDeo
1417 2476 1591 2574 Angelum
1609 2476 1827 2576 expedienda

482 2601 555 2651 erat
571 2578 626 2648 via
644 2572 658 2645 i
684 2572 771 2646 Mal.
792 2595 880 2647 111:
907 2593 939 2643 ι.
974 2569 1125 2660 Quando
1144 2575 1302 2646 omnium
1324 2575 1476 2646 maxime
1497 2572 1647 2648 revelata
1667 2571 1829 2671 eligistis

383 2696 389 2707 ·
481 2676 638 2764 jehova,
662 2666 724 2742 nisr
742 2694 815 2763 quo
840 2690 997 2763 tempore
1016 2667 1247 2743 manifestatus
1266 2669 1312 2744 est
1336 2669 1494 2753 Meffias,
1523 2664 1827 2769 &conspedaglo-

480 2773 535 2842 ria
555 2765 648 2861 ipfiua
661 2764 764 2838 veluti
781 2767 965 2858 unigenitia
985 2771 1087 2835 Patre
1106 2766 1123 2838 ,ἶ
1147 2766 1255 2841 Cous.
1273 2765 1356 2867 Joh.
1373 2792 1416 2845 xt
1428 2790 1460 2842 1:
1475 2773 1540 2851 28,
1561 2790 1623 2859 29.
1678 2766 1827 2858 Quando

481 2866 579 2939 anmi
597 2886 671 2936 caro
687 2863 774 2933 vidit
793 2912 804 2940 ‚
829 2886 863 2932 os
878 2858 1016 2949 jehova
1033 2855 1093 2948 esse
1112 2859 1277 2939 locutum,
1303 2861 1363 2937 nist
1381 2889 1492 2962 quum
1512 2864 1645 2938 Filium
1663 2867 1761 2947 Dei,
1786 2888 1828 2939 ε·

481 2983 586 3033 ternae
607 2962 689 3030 vitae
707 2979 931 3054 praeconem,
967 2957 1004 3026 &
1021 2954 1131 3027 oculis
1161 2956 1440 3056 conspexerunt,
1467 2964 1505 3035 &
1526 2960 1669 3038 auribus
1690 2962 1829 3038 audive-

473 3078 584 3138 ¹runt,
612 3056 650 3127 δὲ
671 3052 779 3150 reipsa
795 3053 928 3150 experti
943 3048 1042 3133 sunt,
1069 3076 1192 3128 omnes
1211 3078 1391 3154 quotquot
1409 3054 1486 3132 sunt
1503 3060 1572 3130 Dei
1586 3058 1827 3158 promissiones

476 3149 612 3323 {papio
636 3143 699 3322 epse
715 3152 882 3325 EEtiamlpc
908 3148 1054 3331 Αιιιῆιιὲ
1089 3152 1245 3325 (ἐξιηάὅ
1264 3155 1460 3343 ciuitatgotps
1486 3155 1587 3255 Judae
1614 3156 1667 3345 inf
1679 3148 1826 3328 empppaell

434 3284 446 3294 ·
507 3278 518 3323 ι
575 3274 695 3333 me,
755 3271 805 3323 cce
864 3269 1064 3321 euaveer:
1148 3273 1184 3323 cc
1245 3276 1367 3325 omanus
1413 3277 1513 3326 cova
1539 3277 1610 3324 cum
1657 3272 1743 3328 ortrt

479 3351 613 3434 veniet,·
639 3371 708 3419 ecce
722 3370 840 3419 merces
860 3341 954 3437 ipfiut
969 3363 1065 3440 penes
1083 3348 1096 3417 i
1110 3344 1184 3434 sum
1200 3344 1269 3432 tst,
1301 3353 1344 3421 (t
1362 3368 1460 3445 opera
1475 3353 1617 3442 pretium
1633 3350 1708 3445 ejus
1726 3373 1825 3429 cotan

478 3444 554 3540 ipso.
603 3448 649 3521 Ut
663 3440 768 3541 pastor
782 3464 909 3536 gregem
920 3440 1014 3531 sumn
1026 3458 1073 3536 pa
1086 3462 1154 3523 cet,
1165 3445 1233 3518 &a
1284 3448 1460 3518 Caeterum
1482 3441 1545 3518 elle
1563 3470 1710 3543 oportet
1731 3496 1743 3534 ,
1769 3449 1826 3547 qui

480 3542 639 3613 Melitam
653 3539 708 3614 hic
722 3563 802 3612 cum
819 3537 1009 3636 Evangelio
1026 3535 1089 3610 suo
1109 3564 1180 3613 non
1203 3539 1442 3637 deprehendit,
1492 3545 1682 3639 Denique,
1709 3549 1763 3620 uti
1773 3571 1828 3620 au·

481 3637 728 3709 recedentia&
746 3633 923 3735 sequentia
939 3633 983 3705 ad
995 3631 1172 3708 Christum
1187 3636 1337 3721 ducunt,
1364 3640 1412 3711 ita
1432 3636 1665 3716 verbaversus
1693 3665 1732 3739 3.
1745 3642 1827 3717 nulli

477 3733 608 3832 'melius
621 3757 659 3806 ac
678 3730 814 3831 plenius
832 3755 940 3829 quam
956 3728 1106 3830 Johanni
1125 3735 1347 3809 conveniunt.
1399 3731 1473 3833 lpse
1490 3736 1537 3811 est
1554 3741 1673 3822 Vox,
1702 3764 1826 3841 praeeo,

480 3854 550 3903 non
572 3825 632 3902 nist
653 3826 827 3906 sermones
844 3830 913 3901 Dei
933 3827 1111 3911 reserens,
1138 3848 1225 3905 totas
1247 3857 1314 3906 vox
1335 3864 1349 3915 ;
1384 3828 1563 3916 sermone,
1590 3836 1687 3919 vita,
1720 3840 1827 3920 vidit,

481 3929 628 4008 amida,
656 3921 888 4023 omnibusque
899 3923 1090 3999 afflonibus
1107 3925 1175 3998 suis
1185 3927 1325 4003 docens.
1376 3935 1646 4017 erraturis,
1665 3937 1756 4019 Dei,
1769 3934 1837 4034 qu,

482 4024 676 4096 contentius
696 4047 787 4098 nunc
833 4046 911 4096 uam
928 4046 988 4120 per
1006 4021 1102 4095 ullos
1124 4024 1211 4097 olim
1235 4024 1421 4124 Prophetas
1443 4028 1684 4126 loquebatur,
1716 4034 1758 4106 δι
1772 4041 1828 4106 νεά

392 4154 395 4173 ·
479 4117 639 4192 lidissrme
660 4116 802 4217 quosvis
847 4120 1021 4195 ortabatut
1033 4118 1077 4191 ad
1088 4123 1326 4218 poenitentiam
1338 4150 1376 4196 ac
1396 4121 1525 4208 fidem,
1552 4128 1591 4201 δι
1602 4127 1676 4218 jam
1691 4129 1766 4220 jam
1775 4150 1829 4244 pet

480 4215 710 4313 Evangelium
727 4218 919 4291 audiendus
939 4236 1011 4289 erat
1029 4215 1074 4289 ad
1092 4220 1258 4292 terminos
1277 4220 1370 4293 orbis
1380 4219 1591 4297 habitabilis.
1643 4230 1737 4301 Non
1747 4226 1830 4302 dici·

479 4333 537 4385 tur
556 4311 731 4424 Johanncs
749 4338 815 4390 vox
830 4317 985 4397 clarent,
1008 4317 1170 4413 quamvis
1180 4315 1328 4390 Hebraea
1346 4320 1449 4392 verba
1471 4340 1563 4411 rantp
1583 4317 1652 4434 ἠρ
1663 4320 1830 4399 eumseu·

345 4539 352 4552 ο
477 4405 553 4487 sum
571 4432 745 4511 patrantur
762 4434 774 4499 3
797 4412 857 4486 sed
874 4407 942 4493 tui
965 4414 1097 4512 sitiat&
1108 4459 1119 4490 e
1142 4435 1211 4493 vox
1229 4414 1412 4500 elaeatae
1438 4440 1478 4494 ut
1495 4417 1830 4594 clamotprimolsptei

1816 4562 1827 4597 Ι

1757 4618 1764 4641 l
