4667 5442
668 462 1560 598 DrseuuoueDam
1721 470 1789 591 ῃ
1912 402 1921 553 s

435 630 919 733 anathemaranatha
938 635 1035 729 fimus
1060 636 1222 710 derivant.
1272 631 1402 729 Qud,
1440 632 1581 730 inquit,
1607 629 1650 701 ad
1664 630 1789 701 cautio·

437 756 510 804 nean
521 732 623 821 fitium
638 758 797 806 monemus
813 760 823 806 t
849 758 924 806 nam
939 736 998 807 hac
1017 731 1167 819 occasune
1182 728 1372 819 adversamus
1389 732 1511 802 ridendi
1520 720 1678 826 praebetur
1697 747 1785 799 occa·

433 825 507 920 fio,
531 854 627 924 quum
642 834 677 901 in
689 827 792 920 caussa
809 833 940 903 nominis
959 828 1038 913 λέγι
1053 828 1240 924 adfignanda
1258 844 1545 922 coaggregantur,
1568 848 1634 922 qua
1649 826 1682 893 in
1700 820 1785 894 tesso

437 929 528 996 vott‘e
549 924 743 1013 usuntinime
763 921 975 999 concurrunt..
1024 924 1116 998 Mihi
1140 927 1258 1021 itaque
1279 969 1293 1004 ,
1318 921 1468 1019 nequid
1488 919 1718 999 dissimulem,
1745 941 1785 988 ea

438 1044 513 1119 prae
523 1024 653 1094 caeteris
664 1022 850 1119 explicatio
859 1022 983 1121 placet,
1005 1045 1085 1120 quae
1095 1026 1206 1111 544.
1220 1036 1280 1109 25.
1292 1023 1351 1092 26.
1371 1012 1611 1115 comprehensa
1621 1014 1665 1086 ad
1674 1038 1783 1085 unum

438 1119 600 1215 generale
618 1140 719 1215 caput
737 1121 853 1191 omnia
865 1120 997 1192 refert:
1031 1118 1195 1190 nimirum
1214 1116 1343 1188 Filium
1363 1115 1443 1187 ideo
1467 1111 1564 1196 adm
1579 1112 1670 1193 dici,
1697 1110 1782 1206 quia
1848 1171 1853 1210 Ι,

439 1216 491 1289 ita
511 1210 545 1287 se
563 1212 665 1286 habet
677 1213 721 1286 ad
739 1220 856 1304 Deum
876 1218 928 1286 uti
945 1206 982 1286 se‘
993 1212 1101 1287 habet·
1115 1209 1228 1286 setmo
1241 1213 1285 1283 ad
1308 1237 1388 1294 eum
1411 1211 1477 1309 qui
1492 1210 1665 1307 loquitur,
1826 1262 1830 1271 ¹

501 1335 503 1342 ’
541 1314 712 1386 XXVlll.
740 1311 843 1383 Adeo
858 1309 1009 1411 Johanni
1026 1310 1156 1408 placuit
1172 1308 1243 1381 hoc
1258 1321 1414 1391 nomen,
1436 1328 1476 1379 ut
1519 1327 1614 1379 uater
1639 1329 1681 1377 eo
1700 1297 1780 1375 usus
1788 1323 1924 1386 xxvm,

439 1403 494 1483 srt.
544 1412 641 1479 Loca
660 1409 787 1508 quibus
812 1405 882 1480 hoc
906 1402 1004 1479 sensu
1022 1407 1225 1487 invenitur,
1253 1405 1313 1479 ista
1335 1401 1439 1478 sunt:
1467 1332 1555 1501 Jib.
1574 1427 1588 1476 1
1605 1433 1618 1471 .·.
1638 1425 1697 1499 ις,
1722 1422 1778 1490 14·
1788 1401 1890 1483 Qum
1902 1394 1958 1471 Jo.

445 1502 573 1672 nlJoh.
593 1529 623 1577 r:
640 1528 672 1577 1.
704 1529 732 1577 1.
745 1510 966 1600 Apoc.xrxt
988 1528 1050 1596 ις.
1076 1528 1107 1577 ι.
1121 1500 1257 1603 Joh.v:
1279 1523 1320 1587 7..
1368 1502 1445 1576 Ubi
1463 1496 1590 1598 insigne
1602 1473 1959 1623 hoc&lu-'’⁴2’ij⁰l“

442 1625 487 1672 cu
503 1601 709 1673 cntillrmum
726 1626 791 1698 pro
812 1600 987 1673 adoranda
1006 1602 1174 1673 Trinitate
1194 1597 1301 1673 exstat
1312 1596 1561 1671 testimonium.
1613 1601 1707 1670 Nam
1717 1574 1860 1701 trecas„
1871 1625 1932 1698 „sm

431 1696 513 1787 sunt
531 1701 588 1794 qui
604 1693 809 1785 telltficantur
825 1701 860 1770 in
873 1697 945 1771 coelo
955 1751 968 1777 ..
990 1708 1092 1771 Pater
1109 1748 1127 1777 ,
1144 1702 1274 1773 Sermo,
1301 1699 1345 1769 (a
1362 1699 1499 1789 Spiritus
1515 1692 1663 1767 Sanun:
1688 1694 1733 1766 Ψ
1748 1692 1835 1778 Μεθ’.

437 1812 508 1867 tres
537 1817 633 1865 unum
656 1793 741 1882 sunt.
802 1799 857 1864 De
893 1795 989 1884 cujus
1027 1794 1200 1891 peticopae
1234 1793 1449 1890 genuinitate
1482 1815 1595 1888 quum
1630 1788 1782 1859 multum

437 1891 530 2063 {pter
564 1888 717 1965 eruditos
753 1884 974 1989 disputetur,
994 1915 1114 1964 meam
1143 1913 1293 1987 quoque.
1320 1911 1476 1962 mentem
1500 1895 1700 1985 expromere
1724 1882 1783 1957 hie

469 2009 554 2061 ceat.
1873 2043 1877 2048 .

539 2086 680 2156 XXIX.
705 2087 839 2182 Negati
857 2109 930 2156 non
947 2081 1060 2182 potest
1077 2084 1114 2156 in
1138 2083 1261 2157 multis
1280 2082 1436 2179 antiquis
1456 2079 1672 2154 editionibus
1684 2086 1888 2152 com-xxm

441 2202 502 2254 ma
520 2177 587 2252 hoc
612 2176 750 2253 defuille
771 2210 785 2253 ι
808 2181 907 2279 quod
919 2180 1024 2280 longa
1048 2180 1245 2252 inductione
1265 2180 1308 2253 ab
1328 2178 1457 2266 Erasmo
1474 2178 1580 2259 olim,
1608 2158 1960 2293 &nuper-,¹3⁰l2l‘J·

438 2279 528 2350 rime
547 2303 567 2348 a
587 2280 749 2358 dimonia,
776 2276 865 2361 ΗΜ.
881 2281 960 2353 Crit.
979 2282 1032 2352 Ν.
1049 2278 1090 2351 Τ.
1104 2287 1200 2352 Part.
1217 2299 1247 2354 ι.
1272 2278 1347 2373 cap.
1364 2300 1432 2350 xvr
1444 2300 1456 2349 1
1468 2301 1498 2348 1.
1519 2254 1944 2373 comprobatum'e'ffiff„

442 2370 503 2445 cst.
555 2376 599 2443 Et
628 2369 847 2448 confirmatur
869 2400 973 2471 porto
995 2372 1050 2446 his
1070 2374 1294 2472 argumentis.
1345 2380 1373 2445 1.
1401 2373 1493 2459 Quia
1517 2374 1552 2445 in
1572 2369 1838 2449 verstonibusn„
1856 2379 1934 2448 tim·

444 2468 707 2566 Orientalibus,
730 2472 889 2567 Syriaca,
912 2471 1075 2554 Arabica,
1098 2468 1307 2570 AEthiopica,
1336 2468 1524 2543 constanter
1535 2467 1637 2542 abest.
1689 2472 1886 2539 Namnnur,
1921 2487 1926 2499 ·

443 2563 544 2661 quod
561 2565 597 2633 in
617 2589 745 2662 nupera
765 2567 916 2639 editione
937 2570 1074 2665 Syriaca
1092 2570 1215 2661 AEgidit'
1233 2564 1385 2641 Gutbirii'
1397 2614 1414 2649 ,.
1437 2567 1533 2640 edita
1548 2574 1652 2641 Anno
1676 2568 1786 2641 1668..

441 2659 664 2757 Hamburgi,
691 2662 730 2732 in
747 2667 906 2745 Ollavo,
928 2666 1134 2775 reperiatur,
1160 2663 1289 2737 illuda
1316 2666 1446 2736 recenti
1459 2690 1567 2739 manu
1582 2661 1631 2738 est
1644 2661 1659 2744 '‚
1687 2664 1725 2733 &
1744 2678 1785 2729 ut

440 2752 514 2853 ipse
536 2759 652 2828 auctor
670 2756 813 2840 latetur,
843 2785 888 2833 ex
906 2783 1003 2833 notrs
1021 2757 1447 2835 Tremedt'i'tranllumtum,
1494 2771 1541 2835 ΙΙ.
1563 2761 1655 2852 Quia
1666 2785 1710 2844 ex
1719 2765 1784 2831 Pa·

437 2851 551 2924 tribus
569 2854 725 2925 acerrimi
741 2858 922 2929 Trinitatis
936 2881 1213 2958 propugnatores
1225 2856 1292 2932 hoc
1304 2860 1383 2932 loco
1396 2856 1609 2933 adversarios:
1624 2883 1694 2930 non
1704 2878 1783 2954 pre·
1856 2937 1861 2948 Ι

436 2969 567 3023 munt:
595 2948 694 3045 quod
712 2946 790 3025 sane
807 2954 843 3025 in
865 2954 1052 3029 caull'atam
1063 2955 1242 3054 probabili
1256 3003 1273 3038 ,.
1294 2956 1349 3029 vel
1364 2961 1483 3052 potius
1497 2977 1700 3059 argumento
1711 2974 1784 3027 tam
1895 2964 1901 2974 ’

438 3042 631 3129 dudum&
644 3092 659 3121 2·
678 3072 748 3121 non
766 3046 971 3134 omisissent,
993 3050 1054 3127 nifi
1073 3053 1135 3125 vel
1152 3079 1222 3126 non
1243 3052 1491 3127 invenissentin
1510 3050 1576 3126 suis
1589 3048 1782 3131 codicibus,

436 3142 497 3216 vel
508 3164 547 3214 ut
556 3137 715 3241 suspedae
724 3140 807 3220 fidei
816 3144 1059 3247 neglexissent..
1099 3158 1157 3221 ΙΙΙ.
1171 3152 1317 3242 Quiane
1329 3171 1405 3223 tum
1415 3150 1560 3249 quidem
1569 3149 1786 3220 hoccomma

435 3242 719 3406 urgenffluando
731 3267 776 3315 ex
787 3246 946 3341 proxime
955 3248 1142 3337 conjunctis
1155 3256 1498 3341 argumentantur.lta
1518 3239 1787 3340 cyriumin'ssae-
1833 3283 1837 3289 ·

430 3334 531 3429 fituro
607 3360 711 3409 .x1x.
720 3346 796 3433 Cap.
804 3338 1527 3436 penultimaantecedentia&consequentia
1537 3340 1691 3438 allegat3
1709 3360 1792 3408 vet·

433 3426 514 3508 sum
524 3427 616 3502 hunc
625 3433 880 3516 intermedium,
895 3435 928 3506 in
941 3460 1018 3532 quo
1026 3438 1233 3532 caeteroquin
1244 3438 1415 3536 praecipua
1427 3438 1480 3508 vis
1490 3434 1685 3534 argumenti
1690 3426 1784 3514 esset,

438 3529 587 3601 omittit.
637 3530 827 3625 Augtdlimn
837 3525 991 3606 srmilitet
1000 3554 1118 3606 contra
1126 3536 1344 3607 Maximinum
1355 3529 1511 3608 Arianton
1520 3531 1598 3609 Lib.
1612 3555 1626 3607 1
1638 3554 1690 3605 ιι.
1704 3538 1784 3626 Cap.

409 3646 574 3703 ικιιιιι.
609 3626 886 3700 antecedentium
916 3630 1129 3701 mentionem
1150 3629 1258 3710 facit,
1286 3628 1394 3723 hujus·
1426 3632 1612 3705 commatis.
1633 3628 1779 3701 nullam.

436 3729 515 3798 lmo
535 3723 571 3794 in
589 3718 665 3821 ipso
683 3725 972 3802 Concilio‘Nicano
989 3722 1107 3800 versus
1125 3731 1160 3799 6.
1187 3752 1227 3799 ur-
1252 3750 1353 3810 etur,
1380 3723 1549 3825 septimus
1570 3726 1626 3799 hic
1646 3721 1780 3798 stlentio
1895 3779 1898 3787 J

436 3819 639 3989 praeteritur.
689 3826 755 3893 lll.
778 3826 872 3911 Qtt'ra
886 3826 923 3896 in
951 3823 1023 3896 illis
1039 3826 1171 3920 quibus
1186 3850 1229 3897 ex
1277 3824 1520 3907 tcodicibus,
1542 3820 1608 3896 srve
1634 3820 1780 3904 Graecis,

453 3940 507 3987 rve
531 3917 693 3998 Latinis,
720 3916 945 3991 diversimode
977 3919 1170 3991 admodum
1200 3921 1364 4020 legitur-3:
1393 3923 1446 3993 uti
1467 3925 1504 3995 in
1522 3922 1695 3994 Itinerario
1718 3913 1781 3991 suo
1865 4006 1869 4013 .

436 4009 535 4107 Epist.
552 4036 580 4085 1.
598 4010 759 4111 singulari
777 4015 963 4115 diligentia
977 4016 1160 4089 adnotavit,
1174 4024 1365 4104 Burnum
1387 4045 1459 4092 non
1481 4020 1529 4091 ita
1542 4041 1657 4090 tamen
1673 4036 1712 4089 ut
1730 4015 1785 4088 ef·
1854 4028 1857 4034 '

435 4107 565 4206 sugerit
589 4109 764 4184 censuram
797 4117 930 4186 Simonii
947 4166 962 4193 ‚
984 4112 1152 4202 maiorem
1168 4117 1421 4191 accurationem
1444 4116 1660 4217 pollicentis.
1696 4112 1784 4198 Hisl.

439 4211 585 4281 (ΜΝ
599 4208 740 4283 utare
758 4233 812 4282 ιι.
830 4219 897 4303 Cap
917 4235 1003 4282 xzx.

538 4306 663 4378 XXX.
690 4310 853 4378 Attamen
877 4306 912 4377 in
935 4305 1013 4380 aliis
1042 4304 1257 4382 editionibus
1279 4335 1349 4383 non
1368 4312 1487 4385 minus
1514 4312 1667 4408 antiquis
1686 4290 1878 4382 idemxxlt·
1896 4303 1934 4364 ¹·
2052 4389 2058 4400 ⁸

437 4418 577 4471 comma
591 4397 748 4479 exstitisse
765 4425 897 4477 ceruam
915 4401 974 4479 est.
1026 4406 1132 4505 Legit
1148 4406 1243 4482 illud
1259 4410 1460 4508 cyprianus,
1485 4408 1550 4507 qui
1579 4383 1945 4574 floruiDtespkjssqussm

1964 697 1968 704 ’
2035 691 2048 734 l
