4667 5442
375 3118 377 3122 ·
483 3085 655 3163 exiret:
757 3077 900 3148 xxix,
914 3076 993 3145 eon

644 513 742 624 232
885 493 1601 585 Exeucrrnrro
1669 475 1754 582 Χῖ.

1988 599 1994 624 i

642 661 682 734 in
701 684 776 731 arce
796 681 814 729 a
834 662 932 751 Scopa
951 653 1131 732 relietum,
1159 654 1316 749 impigrae
1342 650 1511 724 auxilium
1532 651 1710 725 tulerunt.'
1750 646 2003 741 Quamobrem

645 759 848 835 Antiochou,
885 776 1025 849 aequum
1057 750 1185 820 ducens
1205 749 1359 845 aliquam
1379 749 1509 848 Judaeis
1536 774 1600 845 pro
1619 748 1731 822 studio
1749 749 1917 848 partium
1937 742 2007 818 sua·

645 879 724 928 rum
747 855 868 926 referre
899 850 1068 948 gratiam,
1097 846 1217 917 multis
1242 868 1345 941 atque
1365 841 1552 943 insignibus
1575 847 1696 918 urbem
1714 843 2004 917 immunitatibus

649 976 688 1024 ac
705 949 893 1047 privilegiis
917 945 1085 1016 donavit:
1123 942 1340 1038 edictumque
1360 944 1394 1012 in
1416 943 1588 1015 honorem
1620 942 1763 1040 Templi
1795 966 1864 1039 per
1892 961 2005 1014 totum

647 1071 792 1146 regnum
812 1044 910 1118 suum
929 1039 1188 1138 promulgavit,
1217 1040 1329 1112 necui
1349 1038 1549 1137 alienigenae
1566 1039 1683 1110 liceret
1696 1042 1786 1111 intra
1808 1034 1914 1135 septa
1924 1060 2006 1109 tem-

676 1144 700 1214 li
720 1143 883 1240 ingredi,
912 1159 1027 1212 contra
1048 1137 1262 1207 voluntatem
1284 1134 1488 1233 Judaeoruin
1510 1162 1524 1219 3
1549 1131 1608 1206 sed
1632 1131 1714 1206 solis
1736 1133 1807 1207 hoc
1822 1134 1942 1208 facere
1961 1133 2006 1205 sas

649 1167 713 1319 sit,
741 1242 802 1337 qui
820 1242 915 1327 juxta
934 1228 1165 1330 praescriptum
1194 1230 1280 1328 legis
1295 1233 1412 1328 patriae
1425 1228 1593 1328 purificati
1610 1233 1705 1327 prius
1717 1230 1862 1306 luerint.
1918 1228 2007 1304 Poll·

651 1334 724 1408 haec
746 1336 896 1407 amicitia
920 1336 956 1403 dc
983 1328 1107 1400 loedere
1135 1327 1304 1400 Ptolomaeo
1331 1331 1488 1423 Epiphani
1509 1330 1706 1416 conjunctus
1726 1326 1775 1400 est
1797 1329 2003 1407 Antiochus,

653 1432 732 1504 data
750 1435 785 1505 in
803 1428 1062 1502 matrimonium
1082 1423 1251 1518 Cleopatra
1276 1420 1366 1505 lilia,
1394 1426 1431 1495 &
1449 1419 1597 1495 concessa
1611 1425 1705 1496 dotis
1717 1425 1869 1497 nomine
1883 1446 2004 1521 praeter

654 1529 736 1601 alias
756 1530 913 1626 regiones
934 1525 1037 1593 etiam
1060 1521 1193 1617 Judaea.
1246 1520 1369 1593 Paullo
1391 1545 1476 1592 vero
1497 1518 1576 1617 post
1602 1519 1739 1593 videtur
1757 1545 1801 1593 ea
1821 1521 2006 1594 iterumin

653 1624 856 1723 potestatem
875 1626 1041 1717 Syrorum
1062 1611 1200 1689 venisse.
1250 1623 1346 1688 Nam
1369 1640 1484 1714 quum
1506 1617 1663 1690 Antiocho
1692 1623 1815 1712 Magno
1839 1617 2004 1691 detineo

654 1721 744 1794 lilius
764 1723 836 1810 ejus
852 1722 995 1789 Seleucus
1008 1715 1195 1809 Philopator
1210 1708 1424 1794 succeffillet,
1453 1710 1542 1785 misit
1561 1716 1591 1786 is
1605 1713 1812 1789 Heliodortan
1823 1736 1870 1787 ut
1883 1710 2004 1812 exspo-

653 1820 752 1892 liaret
772 1813 947 1888 thesauros
966 1810 1103 1910 templi.
1155 1808 1265 1896 Quod
1280 1834 1394 1906 quum
1412 1809 1472 1881 ille
1492 1805 1654 1907 ingressus
1675 1806 1754 1883 esset
1774 1858 1787 1894 ,
1822 1810 1872 1883 ab
1892 1814 2005 1908 equite

654 1916 778 1986 auratis
799 1914 901 1985 armis
915 1903 1100 2004 conspicuo
1138 1907 1319 1987 sostratus,
1348 1909 1385 1978 &
1401 1934 1421 1978 a
1434 1907 1572 1979 duobus
1584 1909 1694 2005 geniis
1707 1908 1751 1981 ad
1760 1932 1891 1984 necem
1904 1904 2005 2005 usque

653 2011 844 2111 flagellatus
864 2056 874 2090 ,
902 2003 960 2080 sed
981 1932 1274 2076 intercessionibus
1291 2006 1373 2076 Onia
1390 2000 1564 2078 Pontificis
1581 1999 1799 2079 conservatus
1816 2002 1884 2082 est.
1936 1997 2004 2078 Nili

656 2129 734 2181 veta
753 2132 824 2179 non
846 2102 929 2185 sint,
955 2125 1036 2199 quae
1053 2122 1229 2172 narrantur
1250 2123 1282 2174 z.
1299 2104 1410 2174 Maec.
1432 2123 1511 2175 ιιι.

480 2207 609 2273 xlell.
754 2207 928 2276 xxvln.
956 2195 1263 2288 Quemadmodum
1281 2197 1456 2287 interjeuo
1470 2221 1627 2297 tempore
1649 2202 2005 2284 ,Amoenus-Err-

481 2287 639 2382 S”⁶¹⁴'¹f³⁰’
655 2328 805 2377 annues
831 2299 987 2399 Judaeam
1003 2293 1206 2375 vastaverit,
1233 2294 1479 2389 iherosolymam
1498 2297 1736 2394 occupaverit,
1762 2290 2006 2396 templum'in·

479 2366 525 2501 ‘2⁰
549 2365 611 2439 Ep'
682 2396 782 2474 relsus
800 2394 1019 2496 spoliaverit,
1048 2390 1180 2462 multos
1204 2390 1393 2494 occiderit,
1420 2393 1592 2489 plurimos
1606 2417 1734 2466 venum
1746 2392 1922 2476 dederit,
1949 2399 1970 2494 J
1990 2433 2006 2453 ·

474 2458 573 2524 ‘m’
654 2425 751 2571 dacos
761 2495 879 2594 patriis
892 2487 1271 2590 legibusutivetuerit,
1298 2488 1390 2577 jussis
1401 2510 1636 2586 nonparentes
1649 2486 2005 2587 exquisitillimiscru-

659 2595 803 2671 ciatibus
824 2587 1042 2668 enecaverit,
1077 2608 1122 2655 ex
1141 2583 1239 2656 libris
1261 2586 1513 2660 Maccahaeorum
1526 2590 1644 2659 'cuivis
1665 2587 1809 2661 constat.
1850 2588 2005 2664 -Constat

652 2690 815 2765 *indidem
826 2710 934 2784 quam
950 2680 1113 2780 praeclara
1128 2680 1249 2752 invicti
1259 2682 1366 2754 animi
1380 2684 1561 2780 exempla,
1587 2686 1705 2756 omnis
1719 2677 1849 2768 sexus,
1881 2688 2007 2771 omnis·

660 2811 730 2885 que
751 2788 861 2859 aetatis
895 2780 988 2851 edita
1004 2775 1067 2850 sint
1086 2801 1098 2862 3
1120 2800 1234 2875 *quum
1258 2803 1332 2850 non
1356 2782 1422 2852 viri
1452 2778 1593 2863 solum,
1621 2776 1681 2852 sed
1706 2779 1745 2857 Bc
1766 2781 2005 2866 foerninae,&

659 2885 785 2981 pueri,
814 2879 975 2952 dirissima
995 2899 1144 2974 quaeque
1170 2870 1506 2962 subitemaluerint,
1534 2902 1640 2976 quam
1659 2901 1699 2951 ut
1722 2880 1908 2956 aDivinae
1925 2881 2006 2982 legis

657 2975 853 3080 praescripto
871 2971 1053 3143 patriistppe
1071 2971 1229 3044 institutis
1254 2967 1483 3049 desciscerent.

995 3075 1007 3143 l
1041 3068 1215 3165 tdenique
1229 3071 1412 3164 quomodo
1422 3070 1454 3145 se
1466 3078 1701 3156 Mammas,
1716 3069 2005 3159 fiveMarrhaeio.

473 3186 525 3278 1¹³?
533 3196 633 3274 ‚unp
653 3179 948 3252 liasuoureus,
975 3166 1160 3277 Sacerdos,
1189 3191 1232 3239 ex
1249 3167 1322 3238 vice
1340 3172 1495 3268 Joaribi,
1524 3172 1770 3267 Hierosolprnita
1784 3194 1932 3269 genere,
1946 3171 2006 3272 gli·

471 3252 766 3373 ···d⁸f⁰r⁸¹·‚·s;enti
784 3271 953 3368 impietati
973 3260 1189 3365 opposuerit,
1218 3285 1295 3337 cum
1308 3268 1463 3363 quinque
1480 3264 1560 3340 filiis
1583 3266 1650 3341 suis
1673 3298 1681 3342 :
1716 3270 1752 3340 in
1770 3270 1912 3367 quibus
1927 3295 2006 3371 prae·

482 3325 759 3483 {}{„“ssss.cipue
787 3368 933 3441 eminuit
954 3369 1078 3466 Junns
1100 3407 1111 3442 ,
1145 3363 1405 3436 Maecianus
1430 3366 1572 3450 ditius,
1608 3365 1674 3437 sive
1691 3367 1792 3462 quod
1814 3370 1851 3440 in
1871 3368 2007 3442 vexillis

472 3486 563 3567 pusato
583 3478 640 3558 Ju-
662 3469 756 3541 illius
776 3463 936 3563 scriptum
970 3456 1218 3555 conspiceretur
1235 3457 1357 3545 Μ,
1386 3486 1465 3558 quae
1490 3457 1567 3533 sunt
1584 3462 1692 3535 literae
1714 3464 1870 3539 initiales
1894 3465 2007 3539 harum

485 3567 533 3621 dar
551 3562 790 3638 dhreo-vocum
814 3582 895 3646 mm
919 3555 1080 3639 malm:
1104 3570 1201 3709 :lim
1226 3574 1266 3639 ll)
1292 3566 1359 3653 quir
1379 3558 1420 3641 ess
1436 3561 1517 3648 {scut
1533 3579 1570 3632 tu
1598 3566 1682 3642 inter
1701 3567 1794 3635 Deos
1811 3589 1832 3637 ο
1848 3564 2003 3654 Jelmat

483 3640 563 3699 hm·
661 3659 728 3735 sive
747 3658 845 3759 quod
865 3654 1014 3734 dixerit,
1042 3652 1081 3731 ’ἒ
1105 3677 1113 3711 t
1133 3650 1185 3729 ³.ss
1202 3672 1261 3747 per
1279 3681 1327 3727 mt
1340 3653 1381 3738 tfl
1393 3655 1510 3750 plaga,
1534 3656 1684 3729 hostium
1697 3658 2006 3758 nimirumfflpo·

661 3758 843 3834 statatum:
871 3745 937 3822 stve
954 3750 1000 3821 ob
1022 3750 1122 3821 aliam
1145 3773 1388 3848 quamcunque
1400 3746 1543 3824 caussam
1561 3753 1665 3825 hodie
1684 3755 1931 3851 incognitam:
1953 3780 2006 3830 ne·

662 3881 731 3956 que
749 3855 840 3924 enim
855 3849 971 3919 omnia
991 3842 1071 3920 scire
1089 3846 1136 3917 sas
1156 3846 1213 3919 est.
1268 3853 1383 3937 Hujus
1406 3850 1505 3945 Judae
1519 3850 1623 3921 dullu
1632 3847 1793 3923 adversus
1804 3855 1930 3953 regios
1949 3853 2006 3927 sre-

660 3946 846 4048 quentibus
858 3944 985 4042 praeliis
1006 3940 1164 4039 prospere
1175 3968 1365 4041 pugnatum
1380 3947 1438 4019 est.
1491 3952 1611 4018 Donec
1626 3941 1729 4045 pulsis
1739 3945 1918 4034 hostibus,
1931 3953 2005 4026 12*-

637 4124 640 4130 ,
660 4046 842 4139 testimonum
857 4035 1041 4138 regressus,
1070 4062 1214 4139 purgare
1227 4042 1416 4139 templum,
1445 4043 1668 4117 &restituere
1687 4046 1846 4119 animum
1856 4046 2005 4121 induxit

688 4141 760 4212 uod
781 4135 932 4212 eversum
954 4139 995 4207 ab
1016 4142 1201 4218 Antiocho,
1225 4140 1514 4237 profanatumque
1533 4166 1552 4212 a
1572 4140 1733 4239 gentibus
1755 4188 1766 4225 ,
1807 4143 1946 4219 soedam
1964 4137 2009 4218 sui

661 4166 809 4337 speciem
823 4238 993 4334 integrum
1013 4236 1082 4325 jam
1100 4235 1284 4308 triennium
1312 4237 1496 4334 praebebat.
1644 4277 1649 4282 ·

486 4336 656 4404 meote-
763 4337 887 4405 XXX.
917 4331 1114 4404 Celebravit
1142 4355 1256 4405 autem
1286 4334 1395 4432 Judas
1422 4335 1549 4431 recepti
1568 4334 1691 4432 templi
1711 4334 1937 4413 festivitatem
1954 4361 2008 4439 pet

486 4416 634 4574 {assessu
662 4431 737 4507 dies
750 4438 827 4506 osto
839 4425 1047 4513 sacrificans,
1074 4429 1110 4502 in
1127 4431 1255 4528 quibus
1266 4429 1404 4505 nullum
1418 4428 1566 4506 honeste
1576 4430 1767 4532 voluptatis
1781 4454 1902 4535 genus
1912 4430 2010 4609 orsnis-

1955 4557 2009 4608 um
