4667 5442
486 506 570 638 -ajs
986 507 1350 589 rrasraro.

371 773 374 784 .
489 698 539 786 in
563 693 799 813 caliginosus
820 699 861 781 δε
892 690 1097 785 senticosis
1118 693 1481 806 Targumislarum,
1513 681 1856 792 Cabbalistarum,

310 870 315 880 ·
491 801 1854 922 Rabbinorumquescriptisdeprehensaminobismifallor,anim·

490 925 708 1027 advertes;
726 923 794 1009 sed
816 924 955 1008 lucem
968 928 1139 1013 maculis
1144 930 1230 1039 jam
1249 921 1489 1035 respersam,
1506 946 1555 1006 ac
1571 921 1755 1007 mixtura
1764 913 1854 1005 cali·

388 1093 398 1100 --
489 1040 597 1155 ginis
621 1036 982 1133 variadistiniiam,

611 1249 688 1321 Nec
707 1231 870 1319 tenebras
880 1299 895 1331 ,
914 1233 988 1345 sed
997 1241 1092 1317 eninr
1102 1231 1261 1318 tenebras
1265 1255 1376 1342 prope
1393 1232 1510 1316 dicere
1525 1227 1648 1342 pofflr,

437 1353 445 1374 “
588 1449 590 1454 ¹
607 1362 686 1432 Nec
694 1348 801 1461 paffis
815 1352 952 1439 lucem,
972 1348 1148 1458 sedenim
1159 1371 1271 1459 prope
1288 1348 1408 1436 dicere
1415 1352 1541 1430 lacem.

471 1513 475 1518 ¹
493 1533 633 1656 Quale
648 1534 740 1626 fere
753 1542 799 1625 ln
811 1540 1070 1652 crepusculo,
1080 1539 1311 1630 declinante
1320 1537 1495 1652 solejarn
1506 1535 1652 1626 crassas
1663 1526 1850 1628 tenebras

491 1657 728 1748 minitante.
752 1657 838 1738 Aut

624 1847 626 1852 -
664 1796 747 1881 nale
759 1790 1020 1909 perobscurum
1033 1794 1346 1911 noeemfiebtnce
1363 1798 1527 1909 maligne

572 1979 582 1986 ..
612 1811 683 2025 ἃ
691 1908 943 2021 dninsplvir.
1002 2019 1006 2026 Ι

489 2105 532 2193 Si
550 2103 633 2194 fine
652 2103 764 2206 sole,
781 2131 880 2198 non
903 2104 988 2190 sine
1007 2100 1118 2189 luna.
1176 2102 1242 2190 Sic
1263 2102 1322 2190 est
1338 2095 1631 2213 crepusculum
1655 2118 1757 2191 tunc
1776 2094 1849 2190 suit

490 2219 602 2334 apud
624 2218 818 2329 Iudaeos,
855 2239 924 2305 aut
949 2244 1037 2310 nox
1068 2218 1163 2303 luna
1187 2213 1329 2303 saltem
1361 2215 1493 2327 aliqua
1522 2214 1737 2304 illustrata:
1768 2241 1850 2330 pree

491 2357 543 2421 ea
568 2363 664 2446 quae
687 2334 939 2445 consequuta
956 2335 1014 2418 esi
1032 2331 1250 2452 plusquam
1268 2331 1536 2445 Cymmerica
1557 2330 1756 2447 caligine,
1774 2357 1850 2444 qua

324 2501 328 2507 -
489 2474 604 2536 nunc
637 2448 814 2534 immersi
836 2450 997 2559 jacent:
1035 2448 1131 2536 Deo
1164 2445 1347 2555 spretum
1387 2438 1460 2543 filii
1498 2443 1556 2530 sui
1584 2445 1848 2562 Evangelium

489 2581 577 2649 tam
610 2557 744 2647 dirum
759 2561 805 2664 in
821 2559 1025 2655 modum,
1055 2560 1124 2646 sed
1140 2551 1371 2669 justiffime,
1395 2555 1647 2646 vindicante.
1704 2567 1843 2651 Atcer·

489 2691 533 2761 te
558 2674 745 2760 nonnihil
764 2673 1068 2784 mepraestirisie
1086 2697 1205 2776 reor,
1237 2667 1488 2780 srhodiernis
1505 2669 1660 2777 Judaeis
1681 2673 1848 2771 demon·

489 2790 687 2879 stravere),
722 2783 764 2869 id
792 2786 923 2894 ipsum
955 2787 1194 2897 mysterium
1213 2785 1280 2871 cui
1296 2805 1382 2871 ram
1406 2781 1760 2895 praefrasienunc
1777 2787 1847 2886 ob·

488 2901 694 3009 strepunt,
725 2895 853 2985 visum
872 2896 958 2983 esse
974 2923 1121 2988 eorum
1149 2901 1258 3002 avis,
1282 2898 1381 3016 licet
1400 2926 1489 2985 non
1521 2900 1696 2986 diffindie
1714 2908 1847 2992 anim·

477 3011 733 3109 adversum,
762 3010 858 3121 licet
875 3037 965 3096 non
986 3014 1213 3120 cominus;
1241 3017 1298 3098 uti
1316 3012 1368 3100 de
1396 3013 1507 3108 stella
1525 3041 1568 3101 ex
1583 3009 1739 3118 Iacobo
1759 3021 1840 3103 ori·

487 3126 600 3214 unda
628 3120 926 3212 vaticinabatur
960 3120 1096 3211 ferme
1123 3128 1296 3212 Balaam.
1372 3123 1524 3215 Adeste
1557 3126 1692 3229 sultis,
1729 3126 1844 3220 Aben

488 3241 628 3342 Ezrae,
655 3233 844 3340 Kimchii,
861 3238 1090 3349 Lipmanni,
1111 3235 1425 3341 Aberbeneles‚
1443 3243 1845 3358 Menaslae,&quot·

488 3374 592 3464 quot
611 3349 634 3437 i
656 3352 811 3452 Molis,
830 3352 853 3435 a
873 3350 1201 3462 Prophetarum,
1237 3356 1261 3441 ai
1284 3353 1452 3442 Panum
1478 3360 1764 3470 antiquiorum
1784 3363 1844 3449 sci-

486 3471 540 3553 tis
559 3529 572 3569 ‚
601 3491 682 3554 nec
701 3465 805 3551 scitis
823 3463 892 3550 sed
910 3460 1079 3553 craculis
1101 3465 1334 3571 desciscitis,
1365 3471 1520 3558 cernite
1537 3467 1609 3558 hic
1625 3476 1843 3584 priscorum

485 3575 642 3684 fidem,
663 3580 817 3666 cernite
837 3579 1012 3665 vestram
1039 3577 1273 3694 perfidiam,
1302 3594 1343 3669 ot
1363 3583 1497 3673 discite
1516 3588 1652 3680 rurfirs
1678 3590 1839 3677 adorate

472 3698 510 3797 a
531 3688 717 3781 Patribus
752 3691 976 3787 creditum,
1006 3691 1030 3776 d
1061 3689 1223 3783 Chrillo
1251 3705 1293 3782 δι
1319 3696 1465 3787 sansiia
1492 3700 1613 3811 ipsius
1640 3703 1838 3815 Apostolus

484 3805 648 3917 plenius
675 3833 722 3893 ac
748 3806 905 3919 planius
929 3806 1181 3914 revelatum,
1201 3835 1349 3895 verum
1370 3811 1515 3899 israelis
1534 3815 1694 3918 Deum,
1724 3841 1839 3930 quem

301 3969 306 3976 -
485 3943 617 4003 unum
634 3917 857 4008 vobiscum
873 3914 1056 4008 'fatemur
1077 3919 1339 4034 (Anathema
1357 3927 1424 4038 qui
1441 3930 1585 4038 plures
1602 3931 1731 4018 Deos
1750 3936 1840 4020 soru-

482 4030 594 4130 niet,
618 4030 709 4118 imo
735 4029 955 4121 anathema
982 4036 1027 4120 sit
1056 4034 1325 4150 Maranatlra)
1347 4037 1415 4125 sed
1448 4067 1575 4151 quem
1604 4044 1838 4132 Trinumss

415 4179 419 4187 ·
481 4144 572 4231 mul
591 4143 690 4246 esse,
721 4155 763 4232 δι
779 4148 860 4260 ipse
879 4174 957 4236 nos
980 4148 1137 4255 docuit,
1160 4160 1202 4237 δι
1220 4173 1357 4264 patres
1373 4156 1490 4252 vestri
1505 4183 1582 4265 pro
1603 4176 1837 4273 temporum

481 4257 651 4352 istorum
667 4260 1097 4400 ratione-didicerunt.
1151 4263 1251 4359 Non
1277 4291 1391 4390 nova
1415 4270 1473 4362 cst
1500 4267 1694 4361 dostrina
1724 4302 1835 4387 quan

1700 4414 1833 4506 appos-
