4667 5442
446 627 456 638 ,
587 518 686 621 344
808 431 1523 591 Exnncrrnrio
1594 496 1724 589 XIV.

583 656 677 732 facit.
730 663 809 733 Hoc
832 656 942 733 solum
969 685 1057 734 nunc
1081 659 1210 731 attendi
1238 656 1369 740 velim,
1397 656 1604 732 credibilene
1633 654 1699 737 stt,
1728 621 1929 750 Apostolos.

586 751 610 826 sr
634 756 700 828 hoc
720 752 779 827 fibi
802 760 931 853 negotii
945 758 1064 829 datum
1078 751 1140 828 else
1162 750 1422 838 existimassent,
1450 777 1489 827 ut
1507 756 1593 828 intra
1604 751 1834 851 quadraginta
1852 747 1932 845 plus

569 853 701 925 minus
718 877 854 935 annos,
893 879 1013 925 omnes
1034 855 1107 925 noti
1133 854 1316 949 ignotique
1343 851 1435 926 orbis
1456 850 1574 950 plagas
1596 897 1609 932 ,
1638 849 1875 921 continentem
1895 845 1931 914 δι

584 943 709 1019 insulas
726 995 736 1029 ‚
765 951 943 1047 Evangelii
967 949 1208 1045 praedicatione
1226 970 1480 1045 percurrerent,
1508 969 1579 1019 tam
1598 946 1691 1017 lente
1709 964 1928 1016 tantamrem

585 1040 804 1116 inchoaturos
822 1092 832 1128 ,
860 1069 1059 1141 tantamque
1069 1042 1196 1117 tantilli
1215 1044 1380 1142 temporis
1396 1066 1528 1140 partem
1543 1046 1628 1119 circa
1646 1033 1931 1137 Hierosolymam

582 1137 779 1235 vicinasque
797 1129 1130 1239 regioneshaesqms
1149 1134 1269 1216 firisscl

409 1255 487 1320 xw.
513 1253 562 1310 In·
684 1241 784 1308 XIV.
816 1238 1001 1309 Enimvero
1021 1262 1090 1308 non
1107 1259 1178 1307 tarn
1199 1235 1354 1309 hebetata
1370 1234 1549 1309 oculorum
1579 1237 1651 1307 acie
1675 1230 1773 1313 sum,
1801 1252 1929 1303 utnon

409 1333 486 1422 min
506 1330 535 1386 ἵν’
586 1332 791 1427 praevideam
815 1332 1041 1406 observationi
1051 1331 1130 1405 huic
1143 1334 1275 1428 opponi
1289 1328 1402 1429 posse,
1432 1328 1619 1427 Apostolos
1631 1355 1673 1401 eo
1685 1328 1832 1426 quidem
1841 1350 1930 1400 tem·

409 1412 570 1541 ffl'sssfff
588 1429 682 1523 poris
694 1428 846 1500 articulo
867 1426 1145 1525 Hierosolymis,
1174 1428 1284 1508 forte,
1314 1449 1372 1499 aut
1391 1428 1436 1498 ob
1459 1421 1581 1500 caussas
1599 1426 1700 1498 nobis
1719 1424 1926 1522 incognitas,

409 1557 496 1631 fem,
514 1517 710 1633 Ap,.fuiff03
734 1544 768 1595 at
789 1549 857 1595 non
874 1549 918 1596 ex
930 1550 973 1598 eo
991 1520 1174 1619 consequi,
1201 1524 1301 1620 quod
1317 1523 1519 1594 ordinariam
1532 1514 1929 1617 statamquererumsua-

404 1633 559 1708 praestada
590 1643 666 1690 rum
691 1614 806 1690 sedem
832 1601 894 1691 ibs
900 1619 1105 1712 habuerint:
1131 1618 1235 1717 longe
1290 1618 1477 1690 robabilius
1503 1613 1596 1701 esse,
1634 1617 1733 1714 quod
1763 1614 1927 1688 mandato

409 1708 554 1799 Hierosoly:
590 1716 737 1785 Domini
754 1712 961 1790 obsecuturi'
983 1711 1228 1812 uaquaversum
1252 1643 1289 1786 sd
1299 1708 1496 1785 diffuderint
1523 1742 1531 1785 :
1568 1739 1637 1785 non
1657 1712 1804 1809 quidem
1827 1712 1862 1782 in
1879 1705 1928 1783 sa·

410 1786 566 1933 iffa&
591 1835 645 1883 cra
668 1810 912 1907 Apostolorum
929 1741 1066 1884 billoria
1083 1838 1102 1882 a
1119 1816 1213 1883 Luca
1235 1811 1272 1882 id
1291 1812 1439 1896 narrari3
1463 1805 1523 1881 sed
1542 1812 1577 1881 in
1593 1806 1830 1883 Ecclesiasticis
1853 1832 1928 1879 mo·

405 1897 493 2012 juris
508 1954 559 1991 mn
591 1909 763 1979 numentis
784 1908 933 2005 plurima
952 1908 1047 1980 illius
1068 1910 1116 1979 rei
1134 1906 1261 1979 exstare
1281 1929 1490 2005 argumenta.
1541 1911 1671 1978 Verum
1694 1930 1755 1976 nec
1768 1903 1929 1976 mihide-

413 2011 509 2088 tiques.
592 1999 752 2100 estquod
770 2001 1004 2101 respondeam.
1056 2008 1111 2097 Ex
1124 2004 1165 2074 iis
1180 2030 1259 2101 quae
1275 2003 1382 2074 modo
1404 1999 1677 2095 suntmernotata
1694 2001 1838 2097 liquido
1849 2025 1929 2073 con·

591 2097 673 2179 stat,
697 2100 812 2195 passim
836 2097 1090 2200 Hierosolymis
1119 2105 1149 2172 A
1177 2099 1304 2174 ostolos
1331 2095 1449 2171 fuisse:
1475 2098 1525 2169 ibi
1548 2098 1691 2171 concilia
1711 2099 1746 2168 in
1771 2120 1930 2168 commu·

527 2268 529 2272 ,
588 2219 633 2267 ne
652 2192 793 2277 habita,
821 2198 870 2268 ibi
891 2191 1015 2270 caussas
1034 2125 1255 2269 Ecclesiuum
1276 2191 1363 2267 disce
1390 2218 1497 2268 tatas:
1525 2195 1605 2267 inde
1626 2187 1740 2265 missos
1760 2195 1826 2291 qui
1846 2189 1928 2266 fide·

587 2290 640 2364 les
664 2314 722 2364 aut
742 2293 887 2365 facerent
905 2317 963 2365 aut
976 2289 1168 2375 firmarent,
1198 2318 1239 2363 eo
1252 2221 1387 2365 rediilsd
1395 2294 1566 2363 adionum
1580 2294 1617 2363 δι
1633 2284 1844 2363 successuum
1854 2287 1930 2362 red·

585 2388 720 2461 diturus
741 2391 920 2462 rationem.
957 2394 1044 2462 Haec
1063 2391 1226 2487 legimus.
1262 2395 1309 2459 At
1327 2410 1398 2459 tam
1412 2387 1613 2486 longinquis
1628 2413 1665 2459 ac
1680 2387 1855 2459 diuturnis
1876 2387 1931 2458 iti·

537 2568 543 2576 .
588 2482 728 2558 neribus
744 2486 814 2557 alio
832 2487 1005 2588 profestos
1020 2485 1227 2582 Apostolos,
1256 2510 1300 2556 ex
1321 2484 1440 2556 dislitis
1461 2486 1530 2555 oris
1545 2479 1791 2580 Hierosolyma
1803 2484 1928 2556 identi-

584 2578 666 2651 dem
686 2581 875 2677 repetiille,
904 2609 973 2655 non
993 2581 1164 2679 legimus3
1191 2608 1232 2654 ne
1261 2606 1303 2652 ue
1325 2581 1411 2652 adeo
1425 2582 1495 2651 veri
1512 2575 1620 2652 simile
1641 2577 1698 2651 esl.
1752 2575 1928 2672 Quorsum

586 2677 678 2745 enim
700 2677 761 2748 illa
785 2679 944 2773 frequens
964 2680 998 2749 in
1019 2678 1177 2773 Judaeam
1197 2607 1346 2758 reditio,
1375 2674 1873 2775 hominibusoccupatiffimis,
1892 2676 1929 2750 δι

588 2767 672 2839 alibi
688 2766 821 2867 semper
839 2774 1090 2843 invenientibus
1108 2775 1207 2868 quod
1226 2771 1384 2870 agerent?

406 2877 472 2946 xv.
494 2869 581 2932 Eccle-
684 2869 768 2938 XV.
795 2871 850 2937 De
870 2865 1101 2940 Ecclesiasticis
1121 2872 1355 2940 monumentis
1369 2895 1454 2942 mox
1471 2868 1626 2966 pluribus
1646 2868 1837 2944 dicendum
1849 2872 1927 2948 erite

401 2951 506 3030 fistice
522 2950 555 3006 de
588 2954 755 3051 suffecerit
771 2987 860 3034 nunc
878 2963 915 3033 id
938 2959 1102 3036 monuisse
1121 2965 1220 3062 quod
1239 2990 1292 3036 res
1309 2964 1376 3045 est,
1405 2966 1491 3036 adeo
1512 2963 1622 3038 eaell'e
1635 2969 1756 3050 varia,
1786 2963 1928 3052 dissona,

331 3137 335 3150 ι
407 3029 574 3166 ffbffi'ff'
590 3059 628 3130 δι
646 3053 889 3156 consequenter
908 3060 1036 3132 incerta
1053 3105 1066 3143 ,
1092 3082 1132 3132 ut
1144 3083 1221 3132 tuto
1241 3057 1345 3133 fidem
1363 3063 1404 3134 iis
1422 3061 1582 3135 adhibere
1600 3090 1668 3137 non
1685 3063 1788 3139 liceat
1799 3092 1810 3140 r
1823 3064 1925 3149 addo,

406 3198 534 3242 mm
587 3154 675 3227 adeo
694 3155 835 3252 quando
864 3181 906 3227 ue
928 3151 1098 3239 absurda,
1126 3179 1165 3230 ut
1185 3153 1290 3230 sidem
1309 3154 1369 3230 fibi
1390 3159 1460 3255 ipsa
1479 3163 1658 3258 abrogent.
1710 3162 1798 3236 Uno
1812 3187 1927 3235 exem·

397 3260 503 3351 senene
585 3252 648 3350 plo
669 3277 743 3325 rem
764 3182 922 3334 clarilro,
950 3277 994 3326 ex
1011 3279 1086 3351 quo
1105 3254 1149 3326 de
1170 3256 1299 3328 caeteris
1315 3257 1482 3345 judicium
1512 3258 1667 3329 cordatus
1683 3260 1811 3330 Lector
1832 3257 1925 3332 ferat.

399 3332 521 3410 sm·
582 3350 756 3449 Jacobum
775 3348 937 3421 Zebedaei
955 3345 1064 3423 filium
1083 3397 1095 3433 ,
1123 3350 1261 3424 fratrem
1275 3351 1463 3451 Jobannis,
1491 3378 1569 3425 cum
1591 3355 1721 3426 caeteris
1734 3353 1924 3453 Apostolis‚

582 3441 840 3542 Hierosolymis
854 3447 1026 3543 ordinujo
1040 3470 1292 3521 commoratum
1306 3444 1391 3530 esse,
1417 3450 1528 3519 donec
1540 3450 1582 3520 ab
1595 3450 1738 3524 Herode
1750 3452 1925 3524 interime·

581 3563 676 3616 retur
692 3541 833 3637 gladio,
862 3541 1036 3615 evidenter
1046 3539 1125 3614 satis
1144 3539 1233 3615 sacra
1251 3548 1356 3616 Lucae
1369 3542 1506 3617 historia
1524 3545 1638 3619 docet.
1690 3547 1792 3635 Quid
1809 3548 1926 3622 Eccle-

582 3631 700 3709 siastici
721 3631 929 3734 scriptores?
963 3637 1122 3710 Eundem
1141 3640 1313 3738 Jacobum
1333 3641 1486 3736 lnspaniae
1506 3645 1550 3717 d*
1569 3643 1821 3719 Occidendim
1844 3646 1925 3720 lorn-

571 3733 655 3806 *rum
664 3730 786 3827 populis
801 3732 1224 3903 Evangelirnnyraedieaffe,
1247 3739 1294 3810 (φ
1317 3740 1352 3808 in
1369 3738 1504 3824 oceasum
1532 3742 1758 3815 manducem
1776 3743 1925 3839 predica·

497 3867 502 3879 ·
581 3831 675 3904 donn
694 3824 861 3919 infudeffi,
884 3829 1146 3904 traditlrdorus
1155 3832 1191 3904 in
1201 3829 1273 3905 libr.
1284 3837 1322 3904 de
1330 3837 1459 3908 Patria.
1470 3840 1586 3911 mitre.
1611 3836 1692 3922 Tefl.
1704 3855 1775 3935 cap.
1791 3859 1924 3914 ixxn·

581 3922 723 3999 Flavius
740 3926 869 3999 Lucius
884 3930 1038 4008 Dexter,
1065 3947 1125 3998 aut
1139 3930 1202 4025 qui
1215 3930 1288 4019 ejus
1304 3929 1433 4003 larvam
1451 3932 1587 4016 induit,
1614 3937 1648 4006 in
1666 3937 1785 4009 (bron
1803 3941 1847 4010 ad
1869 3961 1924 4009 aa·

580 4044 654 4092 num
675 4017 789 4102 cirilli
802 4046 888 4097 xrr.
915 4016 957 4095 src
976 4046 1249 4109 commentatur,
1275 4051 1317 4100 an
1338 4025 1604 4103 comminiscitur
1623 4027 1637 4099 3
1668 4034 1807 4114 Rediens
1824 4037 1924 4128 Jaco-

579 4113 640 4189 bue
659 4117 780 4189 Galliae
800 4115 931 4209 inviset,
955 4144 994 4193 ac
1012 4121 1217 4196 Bremia,
1241 4148 1279 4196 ee
1292 4123 1496 4199 Veneriorum
1515 4131 1655 4223 oppida,
1679 4124 1734 4201 ubi
1749 4133 1921 4226 predicata

578 4236 617 4285 ee
632 4212 878 4309 Hierosolymm
895 4220 1093 4299 reveniret,
1116 4216 1262 4293 derebus
1271 4221 1458 4315 greviffnnie
1475 4223 1669 4313 consulturus
1691 4230 1829 4303 neem
1845 4228 1893 4306 V
1880 4253 1924 4302 re-

574 4313 692 4404 ginem.
743 4315 779 4383 O
791 4310 884 4402 jecur
908 4310 1087 4388 bominis!
1116 4315 1318 4391 Vincentius
1340 4316 1589 4392 Bellovacensrs
1607 4323 1641 4393 in
1662 4322 1795 4417 Speculo
1818 4324 1923 4410 Hede-

576 4406 658 4483 rr‘ale‘
673 4403 730 4482 lib.
748 4430 860 4487 vrrr.
891 4426 959 4509 cap.
979 4435 1065 4491 vrr.
1084 4405 1159 4505 baec
1176 4411 1304 4494 tradite
1330 4414 1485 4511 Ambe
1512 4417 1638 4510 diverfic
1667 4417 1771 4514 Cosmi
1791 4422 1924 4498 eliam

1806 4523 1924 4599 ldm-
