4667 5442
1452 366 1524 427 Γ

574 462 780 583 ‚Da
852 461 1187 579 Monte
1262 481 1531 582 Aean.
1704 413 1836 615 115³*

446 663 518 733 rint
533 665 672 754 legem:
697 664 754 758 qui
774 652 900 732 Arabes
907 656 1003 746 stat,
1028 655 1170 743 Ismae'lri
1184 654 1299 751 posteri
1309 710 1319 736 ,
1338 658 1436 731 adhuc
1453 680 1584 732 matrem
1594 658 1686 748 suam
1700 659 1797 757 profi·
1831 658 1837 668 ”
1862 656 1863 660 “

449 776 564 830 tentes.
620 763 749 829 Verum
765 755 856 834 esto,
883 754 1033 827 voluerit
1052 753 1089 824 id
1106 752 1322 851 Apostolus:
1350 777 1393 826 an
1409 758 1536 830 idcirco
1559 757 1744 833 dicendum
1764 762 1797 833 ei
1841 761 1843 766 ’

447 850 537 935 suit,
565 860 659 949 Agar
677 852 720 935 est
734 854 835 925 Sina?
1691 886 1698 898 ·

548 954 596 1023 X.
625 952 729 1022 Tanti
742 948 925 1021 difficultas
940 972 979 1019 ea
999 942 1205 1043 quibusdam
1219 946 1379 1020 aestimata
1395 947 1462 1049 est,
1490 974 1529 1023 ut
1540 973 1675 1023 textum
1693 958 1839 1029 Grae-x,
1854 966 1923 1027 sum

445 1070 528 1118 cum
549 1042 819 1119 sollicitaverint.
868 1053 1007 1139 Zegerra
1042 1069 1113 1114 non
1132 1043 1269 1115 dubitat
1284 1040 1427 1116 scribere
1452 1073 1461 1117 ε
1486 1047 1665 1140 prestaret,
1690 1076 1728 1122 tre
1749 1046 1851 1121 eii-5⁸⁴³
1862 1060 1958 1136 ‘frut-

444 1168 517 1215 cam
534 1144 682 1232 deberet,
708 1144 782 1215 eliud
806 1146 897 1236 Agar
917 1139 1027 1231 abeffe.
1081 1140 1243 1212 Corneliam
1263 1164 1283 1209 a
1302 1146 1425 1235 Lepide
1451 1140 1530 1214 hinc
1550 1118 1956 1242 argumentumgff'lff·

446 1264 513 1335 pro
536 1241 686 1336 Vulgata
705 1236 762 1312 sua
784 1234 946 1327 Vetstone
964 1232 1062 1334 supra
1079 1234 1269 1307 editionem
1289 1240 1445 1308 Graecam
1455 1236 1602 1311 conficit.
1654 1222 1842 1346 Caussa-{51⁰
1855 1221 1914 1290 7⁶¹?

443 1358 503 1406 tus
523 1341 718 1417 orationem,
741 1339 792 1408 uti
803 1335 838 1423 fe
851 1332 900 1406 ibi
916 1336 1035 1411 babet.
1061 1331 1198 1404 hiulcam
1217 1336 1261 1406 (a
1280 1331 1441 1414 distortam
1464 1333 1546 1424 effe,
1575 1333 1717 1411 subdit:
1745 1344 1794 1415 ‘ut'-
1831 1308 1902 1376 Μ’
2020 1335 2025 1344 ’

445 1435 561 1503 dentur
572 1458 645 1529 ergo
655 1442 765 1507 Grata
784 1433 854 1511 hic,
879 1433 929 1501 uti
945 1433 987 1503 d·
1008 1426 1111 1511 alibi,
1135 1426 1193 1518 effe
1211 1449 1389 1523 corrupta,
1413 1430 1661 1528 legendumque,
1688 1453 1792 1509 urna·
1879 1453 1883 1463 ’

436 1525 508 1623 sier
526 1530 623 1623 legit,
651 1528 754 1621 (Sina
772 1528 864 1599 enim
885 1550 985 1597 mons
1005 1524 1104 1597 estin
1125 1524 1269 1606 Arabia,
1298 1524 1404 1617 omiffa
1430 1553 1506 1600 voce
1532 1528 1647 1624 Agar)
1674 1535 1725 1602 uti
1746 1535 1789 1605 d*

446 1630 545 1702 Brea
555 1623 685 1715 fittetur
702 1656 713 1696 .-
737 1627 798 1698 hac
814 1628 896 1695 enim
912 1622 1000 1693 tetta
1015 1623 1115 1716 plana
1131 1620 1193 1703 eli,
1218 1646 1318 1700 vera.
1342 1626 1385 1696 &¹
1400 1644 1501 1695 certa.
1553 1633 1605 1695 Ita
1619 1654 1638 1695 a
1656 1633 1788 1721 Lepide.

446 1717 547 1800 Beaa
564 1746 680 1794 autem
695 1746 792 1793 mens
810 1745 854 1793 ex
866 1716 1112 1815 posterioribus
1125 1720 1198 1806 ejus
1215 1718 1304 1790 curis
1317 1720 1448 1816 optime
1461 1718 1700 1818 cognoscetur.
1728 1726 1788 1799 Ve-
1860 1745 1862 1749 ‘

440 1839 520 1896 tut,
549 1821 683 1915 inquit,
712 1824 893 1912 Interpres,
918 1814 1067 1911 captantia
1082 1820 1351 1906 Agart'snomine,
1376 1817 1469 1910 legit,
1493 1820 1572 1888 Sina
1585 1821 1676 1891 enim
1687 1843 1788 1893 mons
1830 1884 1834 1888 .

444 1911 513 1994 est,
531 1917 598 1987 &c.
626 1936 663 1988 ut
680 1920 760 1987 citat
780 1917 877 1985 etiarn
890 1912 970 1983 hunc
989 1910 1091 1982 locum
1104 1908 1321 2003 Augustinus,
1386 1916 1393 1928 '
1413 1937 1448 1984 ro
1464 1917 1501 1984 de
1514 1915 1655 1987 militate
1665 1926 1788 1989 creden·

441 2015 480 2083 ai
488 2065 498 2091 ,
524 2019 601 2107 Cap.
620 2036 673 2089 11.
690 2016 733 2087 d*
751 2013 901 2102 Origenes
915 2011 950 2081 in
966 2011 1088 2079 Cantic.
1103 2010 1226 2079 Cantic.
1237 2009 1386 2081 Homil.1
1419 2012 1788 2086 mecoenatiana

441 2104 609 2197 necefflaria
625 2114 775 2205 repetitio
796 2108 926 2179 nomim'a
943 2108 1077 2202 Agart'a,
1096 2127 1163 2200 qua
1179 2108 1276 2176 etiam
1291 2104 1455 2202 superiore
1478 2107 1571 2195 versu
1595 2136 1653 2182 noa
1672 2114 1788 2182 dicitur

440 2201 501 2293 effe
515 2208 612 2285 Sim,
629 2204 686 2295 sed
701 2225 796 2277 vetut
813 2204 871 2276 ita
885 2202 1009 2297 paiiio,
1034 2225 1096 2299 qua
1111 2226 1154 2272 ex
1170 2204 1386 2283 Sinamonte,
1412 2200 1594 2290 abisancita
1608 2203 1699 2295 ficit,
1720 2207 1785 2293 ser·
1811 2212 1814 2215 ’

442 2328 503 2371 vos
528 2299 644 2378 liberos
663 2306 784 2399 gignat.
834 2299 942 2374 Notat
962 2320 1066 2372 tamen
1081 2317 1239 2393 receptam
1256 2299 1573 2373 Gracamtettionem
1595 2307 1785 2375 immutare:
1860 2361 1863 2366 ,

439 2400 539 2491 quod,
563 2402 717 2496 inpriore
735 2402 871 2473 editione
888 2421 909 2467 a
930 2421 980 2469 me
992 2392 1137 2485 fetidum,
1163 2399 1256 2467 video
1272 2391 1454 2491 quibusdam
1476 2442 1487 2478 ‚
1513 2403 1608 2471 etiam
1620 2424 1661 2472 ex
1676 2404 1712 2472 iia
1732 2402 1788 2498 qui
1944 2473 1946 2487 ζ

440 2494 564 2682 altppui
581 2518 722 2569 veterem
739 2499 890 2571 Latt'ttam
903 2497 1073 2567 editionem
1088 2490 1146 2586 ipfi
1163 2498 1271 2567 Grato
1283 2498 1444 2566 contextui
1452 2514 1661 2593 anteponunt,
1683 2498 1787 2594 eapti·
1826 2536 1831 2543 ·

435 2615 489 2663 tua
514 2617 540 2664 e.

539 2690 606 2761 Xl.
633 2687 748 2761 Aliam
765 2682 927 2787 ingressus
943 2689 1036 2759 viam
1057 2683 1151 2758 haud
1162 2686 1282 2785 paullo
1294 2685 1438 2758 ulterius
1454 2682 1513 2758 fibi
1524 2688 1781 2787 procedendum
1793 2701 1844 2761 xl.
1864 2701 1946 2759 Bene.

436 2805 533 2856 ratus
553 2784 600 2857 est
620 2789 853 2861 thnanous
881 2792 1136 2878 BenettJus,
1164 2787 1217 2857 vir
1237 2785 1442 2856 Graecanicae
1457 2787 1661 2859 eruditionis
1681 2779 1837 2859 calli-l‘fi
1852 2782 1937 2856 ‘wi‘-

436 2879 615 2964 diffimus,
643 2883 780 2955 laudata
798 2884 899 2955 initio
912 2880 1014 2973 hujus
1034 2880 1196 2953 diatribes
1209 2880 1360 2977 Epistola
1378 2878 1423 2949 ad
1441 2883 1603 2970 Joannem
1618 2886 1757 2957 Milium
1768 2856 1879 2968 ‚Q

437 2980 528 3051 circa
539 2975 670 3061 finem,
694 2999 728 3074 p.
745 3003 804 3072 97.
856 2979 971 3052 Lubet
992 2980 1045 3052 illi
1062 2981 1204 3050 retinere
1224 3002 1346 3050 vocem
1366 2973 1472 3069 drap,
1497 2975 1556 3050 sed
1571 3006 1609 3052 ea
1625 2981 1721 3079 lege,
1742 3003 1781 3054 ut

438 3074 605 3173 integram
618 3075 714 3148 illam
731 3077 931 3175 pericopam
966 3078 1042 3142 Σινᾶ
1060 3076 1128 3165 ip&
1141 3071 1206 3147 'es-ir
1227 3079 1254 3139 ἰν
1274 3072 1416 3169 spacia,
1441 3100 1626 3187 expungat.
1678 3078 1780 3150 Scili-

433 3192 492 3242 cet
509 3175 692 3262 conjectat,
720 3176 896 3272 exregione
916 3178 1011 3246 verbi
1029 3175 1100 3241 Σινῖι
1120 3171 1290 3245 adnotasse
1310 3175 1398 3244 olim
1422 3197 1623 3269 quempiam
1644 3199 1780 3246 enarra-

434 3268 543 3339 tionis
556 3263 687 3350 caulla‚
714 3273 788 3335 Σινίὶ
803 3273 874 3362 lp&
894 3266 959 3340 'teir
981 3277 1010 3336 ‘n
1027 3274 1066 3351 τῇ
1086 3267 1221 3359 Α’ραιῖίᾳ,
1247 3266 1404 3350 Sinaiste,
1430 3291 1521 3362 quem
1530 3289 1684 3341 memorat
1693 3276 1781 3364 Apo-

424 3361 548 3449 stolata,
572 3389 658 3437 mons
673 3364 800 3438 Arabia
817 3366 883 3447 est,·
912 3390 951 3434 ea
968 3386 1053 3435 vero
1072 3363 1196 3443 verba,
1224 3387 1293 3432 non
1307 3362 1419 3433 multo
1437 3361 1534 3455 post,
1564 3385 1603 3434 ut
1614 3360 1701 3461 saepe
1715 3362 1777 3436 usu

434 3464 553 3543 venit,
582 3460 627 3532 de
646 3459 725 3531 libri
746 3465 901 3559 margine>
915 3462 951 3531 in
977 3462 1166 3531 orationem
1185 3454 1291 3557 ipsam
1310 3460 1374 3531 irre
1402 3454 1488 3531 salle:
1516 3484 1595 3530 nam
1617 3461 1775 3559 Apostoli

433 3559 582 3655 quidem
597 3583 636 3629 ea
646 3581 716 3628 non
730 3551 814 3641 elle,
840 3555 900 3630 sed
915 3557 1198 3650 nappaeanpaa,
1223 3583 1266 3628 ex
1277 3549 1350 3652 ipso
1407 3558 1471 3628 tim
1482 3555 1582 3628 vultu
1593 3560 1629 3631 &
1644 3560 1772 3641 colore,

434 3650 612 3752 totiusque
633 3650 721 3722 adeo
741 3658 893 3753 corporis
910 3652 995 3735 filo,
1023 3648 1181 3751 cognosci
1192 3649 1297 3751 polle.
1348 3652 1481 3726 ldcirco
1492 3676 1648 3750 paratum
1661 3651 1696 3728 se
1710 3651 1774 3727 else

434 3754 640 3848 pronunciat
656 3749 779 3841 isttlilr
799 3754 889 3826 hunc
911 3752 1053 3836 locum3
1079 3745 1140 3821 nisi
1164 3746 1258 3822 secus
1273 3751 1386 3821 amico
1406 3745 1467 3821 suo
1486 3749 1653 3824 videatur.
1671 3780 1687 3824 ἱ
1706 3758 1770 3836 At,

436 3846 574 3941 quaest
595 3850 828 3946 ingenuitate,
855 3845 925 3947 ipse
947 3848 1095 3928 fatetur,
1123 3869 1162 3917 ut
1180 3867 1259 3919 vera
1280 3842 1319 3917 stt
1337 3844 1421 3927 ista,
1449 3842 1514 3917 five
1534 3849 1678 3946 opinio,
1707 3845 1773 3921 live

434 3940 581 4041 suspicio
605 3941 688 4024 sua,
716 3943 843 4018 necesse
862 3941 925 4017 elle
941 3944 1031 4017 illud
1051 3941 1097 4045 ὅ,
1125 3944 1225 4039 quod
1236 3968 1358 4014 vocem
1375 3945 1510 4029 σος-οεχόῐ
1524 3949 1684 4040 proxime
1695 3943 1776 4033 sub·

434 4037 609 4139 sequitur,
637 4064 700 4140 pro
719 4039 966 4142 supervacaneo
984 4042 1116 4113 auferri.
1166 4045 1282 4138 Atque
1302 4037 1358 4111 hic
1377 4040 1569 4112 admodum
1587 4039 1646 4115 fibi
1659 4067 1777 4143 gratu·

435 4136 528 4212 latur
547 4185 559 4219 ,
587 4140 685 4237 quod
700 4164 849 4237 quatuor
866 4139 911 4211 ad
922 4141 1104 4211 minimum
1121 4141 1221 4209 MSS.
1238 4136 1343 4208 libros
1354 4140 1557 4235 compererit
1566 4143 1777 4231 conjunttio-

439 4258 521 4308 nem
541 4233 637 4309 istam
647 4262 717 4309 non
731 4233 923 4336 agnoscere.
974 4239 1028 4307 Ex
1040 4232 1127 4315 hoc,
1153 4236 1313 4329 quamvis
1356 4238 1505 4315 ettenui,
1532 4232 1777 4310 indicioaslur·

438 4331 494 4430 git
512 4333 645 4417 animus
664 4333 709 4405 ad
727 4330 944 4433 magnificam
959 4331 1054 4404 illam
1067 4330 1277 4429 plenamque
1293 4259 1426 4403 fidltciae
1442 4335 1633 4405 orationem
1649 4362 1658 4408 :
1685 4335 1777 4432 Qie

437 4425 583 4512 arbiter,
604 4436 679 4530 quin
694 4432 806 4510 melior
822 4430 923 4507 multa
939 4432 983 4507 d·
1005 4430 1144 4526 apertior
1149 4422 1214 4515 fiat
1220 4429 1392 4519 [mentia.
1410 4426 1440 4523 fi
1457 4428 1779 4617 wlieritatesmanu·

801 4538 810 4555 ¹
1054 4530 1083 4601 P
1108 4547 1128 4600 2
1664 4529 1781 4622 criptu-
