<?xml version="1.0" encoding="UTF-8"?>
<!DOCTYPE html PUBLIC "-//W3C//DTD XHTML 1.0 Transitional//EN"
    "http://www.w3.org/TR/xhtml1/DTD/xhtml1-transitional.dtd">
<html xmlns="http://www.w3.org/1999/xhtml" xml:lang="en" lang="en">
 <head>
  <title>
</title>
<meta http-equiv="Content-Type" content="text/html;charset=utf-8" />
  <meta name='ocr-system' content='tesseract 3.04.00' />
  <meta name='ocr-capabilities' content='ocr_page ocr_carea ocr_par ocr_line ocrx_word'/>
</head>
<body>
  <div class='ocr_page' id='page_1' title='image "./hermanniwitsiim01witsgoog/hermanniwitsiim01witsgoog_0452.png"; bbox 0 0 4667 5442; ppageno 0'>
   <div class='ocr_carea' id='block_1_1' title="bbox 477 483 1715 609">
    <p class='ocr_par' dir='ltr' id='par_1_1' title="bbox 477 483 1715 609">
     <span class='ocr_line' id='line_1_1' title="bbox 477 483 1715 609; baseline 0.006 -31"><span class='ocrx_word' id='word_1_1' title='bbox 477 576 485 602; x_wconf 36' lang='lat' dir='ltr'><em>s</em></span> <span class='ocrx_word' id='word_1_2' title='bbox 581 483 659 580; x_wconf 76' lang='lat' dir='ltr'>Dr</span> <span class='ocrx_word' id='word_1_3' title='bbox 695 483 837 579; x_wconf 77' lang='lat' dir='ltr'>Vrra</span> <span class='ocrx_word' id='word_1_4' title='bbox 872 485 1137 601; x_wconf 75' lang='lat' dir='ltr'>Jonruurs</span> <span class='ocrx_word' id='word_1_5' title='bbox 1176 484 1462 580; x_wconf 74' lang='lat' dir='ltr'>Bnurrsru.¹</span> <span class='ocrx_word' id='word_1_6' title='bbox 1611 501 1715 609; x_wconf 83' lang='grc'>429</span> 
     </span>
    </p>
   </div>
   <div class='ocr_carea' id='block_1_2' title="bbox 368 644 1716 1139">
    <p class='ocr_par' dir='ltr' id='par_1_2' title="bbox 368 644 1716 1139">
     <span class='ocr_line' id='line_1_2' title="bbox 372 644 1716 750; baseline -0.005 -21"><span class='ocrx_word' id='word_1_7' title='bbox 372 655 427 729; x_wconf 82' lang='lat' dir='ltr'>Re</span> <span class='ocrx_word' id='word_1_8' title='bbox 524 655 725 737; x_wconf 61' lang='lat' dir='ltr'>comnibus</span> <span class='ocrx_word' id='word_1_9' title='bbox 746 652 975 734; x_wconf 81' lang='lat' dir='ltr'>notiss&#39;rmam‚</span> <span class='ocrx_word' id='word_1_10' title='bbox 1003 651 1182 726; x_wconf 86' lang='lat' dir='ltr'>memoriae</span> <span class='ocrx_word' id='word_1_11' title='bbox 1205 648 1420 724; x_wconf 87' lang='lat' dir='ltr'>mandarunt.</span> <span class='ocrx_word' id='word_1_12' title='bbox 1472 644 1589 734; x_wconf 87' lang='lat' dir='ltr'>Adde,</span> <span class='ocrx_word' id='word_1_13' title='bbox 1614 650 1716 750; x_wconf 91' lang='lat' dir='ltr'>quod</span> 
     </span>
     <span class='ocr_line' id='line_1_3' title="bbox 371 746 1713 851; baseline -0.002 -29"><span class='ocrx_word' id='word_1_14' title='bbox 371 755 420 851; x_wconf 87' lang='lat' dir='ltr'>Ju</span> <span class='ocrx_word' id='word_1_15' title='bbox 446 773 574 823; x_wconf 88' lang='lat' dir='ltr'>aeorum</span> <span class='ocrx_word' id='word_1_16' title='bbox 609 775 679 824; x_wconf 90' lang='lat' dir='ltr'>non</span> <span class='ocrx_word' id='word_1_17' title='bbox 702 774 789 822; x_wconf 90' lang='lat' dir='ltr'>unus</span> <span class='ocrx_word' id='word_1_18' title='bbox 818 748 919 838; x_wconf 83' lang='lat' dir='ltr'>hujus</span> <span class='ocrx_word' id='word_1_19' title='bbox 953 750 1095 822; x_wconf 84' lang='lat' dir='ltr'>feminae.</span> <span class='ocrx_word' id='word_1_20' title='bbox 1117 750 1281 820; x_wconf 91' lang='lat' dir='ltr'>maritum</span> <span class='ocrx_word' id='word_1_21' title='bbox 1307 746 1505 844; x_wconf 85' lang='lat' dir='ltr'>Philippum</span> <span class='ocrx_word' id='word_1_22' title='bbox 1531 751 1713 829; x_wconf 88' lang='lat' dir='ltr'>nominet,</span> 
     </span>
     <span class='ocr_line' id='line_1_4' title="bbox 375 843 1715 943; baseline -0.002 -25"><span class='ocrx_word' id='word_1_23' title='bbox 375 871 527 943; x_wconf 91' lang='lat' dir='ltr'>quorum</span> <span class='ocrx_word' id='word_1_24' title='bbox 547 844 740 920; x_wconf 86' lang='lat' dir='ltr'>testimonia</span> <span class='ocrx_word' id='word_1_25' title='bbox 752 872 837 918; x_wconf 87' lang='lat' dir='ltr'>mox</span> <span class='ocrx_word' id='word_1_26' title='bbox 856 846 1099 919; x_wconf 85' lang='lat' dir='ltr'>exhibebimus</span> <span class='ocrx_word' id='word_1_27' title='bbox 1112 851 1154 930; x_wconf 64' lang='lat' dir='ltr'>l.</span> <span class='ocrx_word' id='word_1_28' title='bbox 1168 870 1276 916; x_wconf 81' lang='lat' dir='ltr'>nxxx.</span> <span class='ocrx_word' id='word_1_29' title='bbox 1329 843 1384 915; x_wconf 81' lang='lat' dir='ltr'>Ab</span> <span class='ocrx_word' id='word_1_30' title='bbox 1395 846 1499 916; x_wconf 90' lang='lat' dir='ltr'>altera</span> <span class='ocrx_word' id='word_1_31' title='bbox 1514 867 1627 917; x_wconf 91' lang='lat' dir='ltr'>tamen</span> <span class='ocrx_word' id='word_1_32' title='bbox 1636 868 1715 942; x_wconf 89' lang='lat' dir='ltr'>par·</span> 
     </span>
     <span class='ocr_line' id='line_1_5' title="bbox 372 937 1715 1056; baseline -0.001 -41"><span class='ocrx_word' id='word_1_33' title='bbox 372 962 429 1025; x_wconf 86' lang='lat' dir='ltr'>te,</span> <span class='ocrx_word' id='word_1_34' title='bbox 449 937 582 1015; x_wconf 86' lang='lat' dir='ltr'>summa</span> <span class='ocrx_word' id='word_1_35' title='bbox 594 939 677 1015; x_wconf 87' lang='lat' dir='ltr'>fides</span> <span class='ocrx_word' id='word_1_36' title='bbox 696 939 1097 1056; x_wconf 80' lang='lat' dir='ltr'>&amp;diligentia·Josephi,</span> <span class='ocrx_word' id='word_1_37' title='bbox 1125 944 1161 1014; x_wconf 89' lang='lat'>&amp;</span> <span class='ocrx_word' id='word_1_38' title='bbox 1183 966 1261 1038; x_wconf 80' lang='lat' dir='ltr'>quae</span> <span class='ocrx_word' id='word_1_39' title='bbox 1282 941 1399 1037; x_wconf 79' lang='lat' dir='ltr'>pallrm</span> <span class='ocrx_word' id='word_1_40' title='bbox 1419 944 1456 1013; x_wconf 92' lang='lat' dir='ltr'>in</span> <span class='ocrx_word' id='word_1_41' title='bbox 1479 938 1554 1037; x_wconf 88' lang='lat' dir='ltr'>ipso</span> <span class='ocrx_word' id='word_1_42' title='bbox 1576 958 1715 1038; x_wconf 88' lang='lat' dir='ltr'>apparet</span> 
     </span>
     <span class='ocr_line' id='line_1_6' title="bbox 368 1038 1716 1139; baseline -0.003 -29"><span class='ocrx_word' id='word_1_43' title='bbox 368 1038 494 1111; x_wconf 84' lang='lat' dir='ltr'>intima</span> <span class='ocrx_word' id='word_1_44' title='bbox 511 1042 665 1139; x_wconf 78' lang='lat' dir='ltr'>cognitio</span> <span class='ocrx_word' id='word_1_45' title='bbox 683 1064 796 1113; x_wconf 90' lang='lat' dir='ltr'>retum</span> <span class='ocrx_word' id='word_1_46' title='bbox 818 1039 957 1113; x_wconf 85' lang='lat' dir='ltr'>familiae</span> <span class='ocrx_word' id='word_1_47' title='bbox 978 1040 1102 1121; x_wconf 76' lang='lat' dir='ltr'>istius,</span> <span class='ocrx_word' id='word_1_48' title='bbox 1128 1040 1214 1111; x_wconf 88' lang='lat' dir='ltr'>tanti</span> <span class='ocrx_word' id='word_1_49' title='bbox 1236 1039 1363 1109; x_wconf 90' lang='lat' dir='ltr'>Grotio</span> <span class='ocrx_word' id='word_1_50' title='bbox 1385 1039 1553 1109; x_wconf 87' lang='lat' dir='ltr'>momenti</span> <span class='ocrx_word' id='word_1_51' title='bbox 1576 1038 1644 1119; x_wconf 89' lang='lat' dir='ltr'>est,</span> <span class='ocrx_word' id='word_1_52' title='bbox 1671 1058 1716 1108; x_wconf 85' lang='lat' dir='ltr'>ne</span> 
     </span>
    </p>
   </div>
   <div class='ocr_carea' id='block_1_3' title="bbox 303 1128 1924 4621">
    <p class='ocr_par' dir='ltr' id='par_1_3' title="bbox 303 1128 1924 4621">
     <span class='ocr_line' id='line_1_7' title="bbox 374 1128 1714 1235; baseline 0 -31"><span class='ocrx_word' id='word_1_53' title='bbox 374 1135 462 1233; x_wconf 84' lang='lat' dir='ltr'>quid</span> <span class='ocrx_word' id='word_1_54' title='bbox 480 1157 607 1209; x_wconf 90' lang='lat' dir='ltr'>temere</span> <span class='ocrx_word' id='word_1_55' title='bbox 619 1132 934 1235; x_wconf 86' lang='lat' dir='ltr'>contraJosephum</span> <span class='ocrx_word' id='word_1_56' title='bbox 946 1134 1240 1232; x_wconf 89' lang='lat' dir='ltr'>pronunciandum</span> <span class='ocrx_word' id='word_1_57' title='bbox 1253 1128 1315 1206; x_wconf 84' lang='lat' dir='ltr'>else</span> <span class='ocrx_word' id='word_1_58' title='bbox 1332 1129 1473 1206; x_wconf 88' lang='lat' dir='ltr'>censeat.</span> <span class='ocrx_word' id='word_1_59' title='bbox 1526 1138 1641 1223; x_wconf 82' lang='lat' dir='ltr'>Quare</span> <span class='ocrx_word' id='word_1_60' title='bbox 1651 1157 1714 1205; x_wconf 89' lang='lat' dir='ltr'>ve·</span> 
     </span>
     <span class='ocr_line' id='line_1_8' title="bbox 372 1227 1728 1328; baseline -0.003 -23"><span class='ocrx_word' id='word_1_61' title='bbox 372 1232 536 1305; x_wconf 83' lang='lat' dir='ltr'>rillrmum</span> <span class='ocrx_word' id='word_1_62' title='bbox 557 1234 664 1304; x_wconf 89' lang='lat' dir='ltr'>credit</span> <span class='ocrx_word' id='word_1_63' title='bbox 679 1243 696 1314; x_wconf 80' lang='lat'>,&#39;</span> <span class='ocrx_word' id='word_1_64' title='bbox 719 1234 805 1304; x_wconf 90' lang='lat' dir='ltr'>inter</span> <span class='ocrx_word' id='word_1_65' title='bbox 823 1233 974 1304; x_wconf 88' lang='lat' dir='ltr'>Herodis</span> <span class='ocrx_word' id='word_1_66' title='bbox 988 1234 1109 1328; x_wconf 83' lang='lat' dir='ltr'>Magni</span> <span class='ocrx_word' id='word_1_67' title='bbox 1132 1227 1223 1302; x_wconf 81' lang='lat' dir='ltr'>filios</span> <span class='ocrx_word' id='word_1_68' title='bbox 1241 1275 1253 1311; x_wconf 92' lang='lat'>,</span> <span class='ocrx_word' id='word_1_69' title='bbox 1280 1232 1341 1325; x_wconf 90' lang='lat' dir='ltr'>qui</span> <span class='ocrx_word' id='word_1_70' title='bbox 1359 1255 1485 1301; x_wconf 91' lang='lat' dir='ltr'>novem</span> <span class='ocrx_word' id='word_1_71' title='bbox 1501 1228 1605 1312; x_wconf 87' lang='lat' dir='ltr'>fuere,</span> <span class='ocrx_word' id='word_1_72' title='bbox 1620 1229 1728 1323; x_wconf 45' lang='lat' dir='ltr'>duos,</span> 
     </span>
     <span class='ocr_line' id='line_1_9' title="bbox 371 1324 1715 1425; baseline -0.001 -26"><span class='ocrx_word' id='word_1_73' title='bbox 371 1328 563 1425; x_wconf 86' lang='lat' dir='ltr'>appellatos</span> <span class='ocrx_word' id='word_1_74' title='bbox 577 1324 669 1399; x_wconf 84' lang='lat' dir='ltr'>fuille</span> <span class='ocrx_word' id='word_1_75' title='bbox 690 1328 878 1425; x_wconf 75' lang='lat' dir='ltr'>Philippos,</span> <span class='ocrx_word' id='word_1_76' title='bbox 902 1324 960 1400; x_wconf 89' lang='lat' dir='ltr'>sed</span> <span class='ocrx_word' id='word_1_77' title='bbox 975 1328 1099 1400; x_wconf 90' lang='lat' dir='ltr'>horum</span> <span class='ocrx_word' id='word_1_78' title='bbox 1119 1328 1288 1406; x_wconf 88' lang='lat' dir='ltr'>alterum,</span> <span class='ocrx_word' id='word_1_79' title='bbox 1317 1328 1377 1422; x_wconf 91' lang='lat' dir='ltr'>qui</span> <span class='ocrx_word' id='word_1_80' title='bbox 1402 1347 1499 1399; x_wconf 88' lang='lat' dir='ltr'>natus</span> <span class='ocrx_word' id='word_1_81' title='bbox 1519 1348 1588 1399; x_wconf 92' lang='lat' dir='ltr'>erat</span> <span class='ocrx_word' id='word_1_82' title='bbox 1605 1351 1648 1399; x_wconf 86' lang='lat' dir='ltr'>ex</span> <span class='ocrx_word' id='word_1_83' title='bbox 1660 1327 1715 1398; x_wconf 87' lang='lat' dir='ltr'>si-</span> 
     </span>
     <span class='ocr_line' id='line_1_10' title="bbox 303 1420 1715 1520; baseline -0.002 -24"><span class='ocrx_word' id='word_1_84' title='bbox 303 1487 308 1496; x_wconf 82' lang='grc'><em>,</em></span> <span class='ocrx_word' id='word_1_85' title='bbox 371 1428 486 1497; x_wconf 91' lang='lat' dir='ltr'>monis</span> <span class='ocrx_word' id='word_1_86' title='bbox 499 1420 673 1499; x_wconf 84' lang='lat' dir='ltr'>Pontificis</span> <span class='ocrx_word' id='word_1_87' title='bbox 696 1420 788 1505; x_wconf 83' lang='lat' dir='ltr'>lilia,</span> <span class='ocrx_word' id='word_1_88' title='bbox 817 1426 943 1498; x_wconf 71' lang='lat' dir='ltr'>dilium</span> <span class='ocrx_word' id='word_1_89' title='bbox 975 1420 1068 1495; x_wconf 85' lang='lat' dir='ltr'>fuille</span> <span class='ocrx_word' id='word_1_90' title='bbox 1089 1424 1270 1519; x_wconf 80' lang='lat' dir='ltr'>Philippum</span> <span class='ocrx_word' id='word_1_91' title='bbox 1288 1427 1476 1504; x_wconf 82' lang='lat' dir='ltr'>Herodem,</span> <span class='ocrx_word' id='word_1_92' title='bbox 1499 1420 1634 1520; x_wconf 84' lang='lat' dir='ltr'>illoque</span> <span class='ocrx_word' id='word_1_93' title='bbox 1651 1420 1715 1495; x_wconf 87' lang='lat' dir='ltr'>ad·</span> 
     </span>
     <span class='ocr_line' id='line_1_11' title="bbox 370 1518 1715 1616; baseline -0.001 -24"><span class='ocrx_word' id='word_1_94' title='bbox 370 1520 563 1592; x_wconf 90' lang='lat' dir='ltr'>ditamento</span> <span class='ocrx_word' id='word_1_95' title='bbox 586 1521 762 1615; x_wconf 81' lang='lat' dir='ltr'>Philippum</span> <span class='ocrx_word' id='word_1_96' title='bbox 785 1520 873 1593; x_wconf 90' lang='lat' dir='ltr'>hunc</span> <span class='ocrx_word' id='word_1_97' title='bbox 887 1523 1066 1600; x_wconf 84' lang='lat' dir='ltr'>minorem,</span> <span class='ocrx_word' id='word_1_98' title='bbox 1090 1519 1281 1592; x_wconf 64' lang='lat' dir='ltr'>distinctum</span> <span class='ocrx_word' id='word_1_99' title='bbox 1299 1520 1341 1591; x_wconf 90' lang='lat' dir='ltr'>ab</span> <span class='ocrx_word' id='word_1_100' title='bbox 1360 1518 1468 1592; x_wconf 89' lang='lat' dir='ltr'>altero</span> <span class='ocrx_word' id='word_1_101' title='bbox 1484 1520 1626 1613; x_wconf 79' lang='lat' dir='ltr'>majore,</span> <span class='ocrx_word' id='word_1_102' title='bbox 1652 1518 1715 1616; x_wconf 90' lang='lat' dir='ltr'>qui</span> 
     </span>
     <span class='ocr_line' id='line_1_12' title="bbox 373 1611 1710 1714; baseline -0.001 -26"><span class='ocrx_word' id='word_1_103' title='bbox 373 1615 632 1689; x_wconf 87' lang='lat' dir='ltr'>Trachonitidis</span> <span class='ocrx_word' id='word_1_104' title='bbox 653 1617 717 1688; x_wconf 86' lang='lat' dir='ltr'>fuit</span> <span class='ocrx_word' id='word_1_105' title='bbox 740 1616 934 1689; x_wconf 83' lang='lat' dir='ltr'>Tetrarcha.</span> <span class='ocrx_word' id='word_1_106' title='bbox 970 1613 1147 1714; x_wconf 84' lang='lat' dir='ltr'>Ingeniose</span> <span class='ocrx_word' id='word_1_107' title='bbox 1165 1614 1329 1711; x_wconf 73' lang='lat' dir='ltr'>profeclo.</span> <span class='ocrx_word' id='word_1_108' title='bbox 1367 1616 1504 1688; x_wconf 89' lang='lat' dir='ltr'>Vellem</span> <span class='ocrx_word' id='word_1_109' title='bbox 1526 1619 1562 1687; x_wconf 91' lang='lat'><strong>&amp;</strong></span> <span class='ocrx_word' id='word_1_110' title='bbox 1582 1612 1650 1713; x_wconf 89' lang='lat' dir='ltr'>ipse</span> <span class='ocrx_word' id='word_1_111' title='bbox 1668 1611 1710 1688; x_wconf 86' lang='lat' dir='ltr'>src</span> 
     </span>
     <span class='ocr_line' id='line_1_13' title="bbox 372 1708 1710 1811; baseline -0.001 -24"><span class='ocrx_word' id='word_1_112' title='bbox 372 1713 529 1793; x_wconf 90' lang='lat' dir='ltr'>credere,</span> <span class='ocrx_word' id='word_1_113' title='bbox 558 1734 597 1783; x_wconf 91' lang='lat' dir='ltr'>ut</span> <span class='ocrx_word' id='word_1_114' title='bbox 619 1714 653 1784; x_wconf 91' lang='lat' dir='ltr'>in</span> <span class='ocrx_word' id='word_1_115' title='bbox 672 1715 889 1785; x_wconf 84' lang='lat' dir='ltr'>concordiam</span> <span class='ocrx_word' id='word_1_116' title='bbox 917 1738 995 1785; x_wconf 91' lang='lat' dir='ltr'>cum</span> <span class='ocrx_word' id='word_1_117' title='bbox 1027 1710 1251 1809; x_wconf 85' lang='lat' dir='ltr'>Evangelillis</span> <span class='ocrx_word' id='word_1_118' title='bbox 1281 1712 1496 1785; x_wconf 86' lang='lat' dir='ltr'>reduceretur</span> <span class='ocrx_word' id='word_1_119' title='bbox 1516 1708 1710 1811; x_wconf 89' lang='lat' dir='ltr'>Josephus;</span> 
     </span>
     <span class='ocr_line' id='line_1_14' title="bbox 369 1808 1712 1908; baseline 0.001 -26"><span class='ocrx_word' id='word_1_120' title='bbox 369 1809 479 1882; x_wconf 91' lang='lat' dir='ltr'>modo</span> <span class='ocrx_word' id='word_1_121' title='bbox 497 1808 608 1880; x_wconf 92' lang='lat' dir='ltr'>ullum</span> <span class='ocrx_word' id='word_1_122' title='bbox 635 1811 681 1879; x_wconf 89' lang='lat' dir='ltr'>ita</span> <span class='ocrx_word' id='word_1_123' title='bbox 705 1810 862 1882; x_wconf 90' lang='lat' dir='ltr'>credendi</span> <span class='ocrx_word' id='word_1_124' title='bbox 886 1809 1046 1880; x_wconf 87' lang='lat' dir='ltr'>haberem</span> <span class='ocrx_word' id='word_1_125' title='bbox 1076 1809 1349 1890; x_wconf 85' lang='lat' dir='ltr'>fundamentum.</span> <span class='ocrx_word' id='word_1_126' title='bbox 1401 1813 1573 1882; x_wconf 87' lang='lat' dir='ltr'>Caeterum</span> <span class='ocrx_word' id='word_1_127' title='bbox 1600 1832 1712 1908; x_wconf 90' lang='lat' dir='ltr'>quum</span> 
     </span>
     <span class='ocr_line' id='line_1_15' title="bbox 369 1899 1710 2074; baseline 0.001 -98"><span class='ocrx_word' id='word_1_128' title='bbox 369 1901 663 2004; x_wconf 85' lang='lat' dir='ltr'>nequeJosephus</span> <span class='ocrx_word' id='word_1_129' title='bbox 680 1905 779 1977; x_wconf 91' lang='lat' dir='ltr'>ullibi</span> <span class='ocrx_word' id='word_1_130' title='bbox 802 1907 933 1986; x_wconf 88' lang='lat' dir='ltr'>tradat,</span> <span class='ocrx_word' id='word_1_131' title='bbox 962 1910 1123 1979; x_wconf 87' lang='lat' dir='ltr'>Herodem</span> <span class='ocrx_word' id='word_1_132' title='bbox 1140 1904 1242 1977; x_wconf 86' lang='lat' dir='ltr'>istum</span> <span class='ocrx_word' id='word_1_133' title='bbox 1261 1899 1360 1975; x_wconf 91' lang='lat' dir='ltr'>suum</span> <span class='ocrx_word' id='word_1_134' title='bbox 1372 1906 1551 2074; x_wconf 81' lang='lat' dir='ltr'>Philippum</span> <span class='ocrx_word' id='word_1_135' title='bbox 1568 1928 1710 2004; x_wconf 89' lang='lat' dir='ltr'>quoque</span> 
     </span>
     <span class='ocr_line' id='line_1_16' title="bbox 369 1996 1779 2100; baseline 0.004 -28"><span class='ocrx_word' id='word_1_136' title='bbox 369 2001 501 2072; x_wconf 72' lang='lat' dir='ltr'>dilium</span> <span class='ocrx_word' id='word_1_137' title='bbox 519 1996 616 2081; x_wconf 89' lang='lat' dir='ltr'>elle,</span> <span class='ocrx_word' id='word_1_138' title='bbox 654 2001 1005 2100; x_wconf 73' lang='lat' dir='ltr'>neque&#39;Evangelillae</span> <span class='ocrx_word' id='word_1_139' title='bbox 1029 2023 1222 2080; x_wconf 87' lang='lat' dir='ltr'>moneant,</span> <span class='ocrx_word' id='word_1_140' title='bbox 1251 2000 1433 2097; x_wconf 81' lang='lat' dir='ltr'>Philippum</span> <span class='ocrx_word' id='word_1_141' title='bbox 1477 2025 1560 2073; x_wconf 89' lang='lat' dir='ltr'>uum</span> <span class='ocrx_word' id='word_1_142' title='bbox 1581 2002 1710 2078; x_wconf 77' lang='lat' dir='ltr'>dietum</span> <span class='ocrx_word' id='word_1_143' title='bbox 1777 2019 1779 2022; x_wconf 80' lang='grc'>’</span> 
     </span>
     <span class='ocr_line' id='line_1_17' title="bbox 368 2093 1710 2197; baseline 0.003 -27"><span class='ocrx_word' id='word_1_144' title='bbox 368 2100 472 2170; x_wconf 89' lang='lat' dir='ltr'>etiam</span> <span class='ocrx_word' id='word_1_145' title='bbox 486 2095 765 2178; x_wconf 84' lang='lat' dir='ltr'>fuilleHerodem,</span> <span class='ocrx_word' id='word_1_146' title='bbox 788 2123 901 2196; x_wconf 91' lang='lat' dir='ltr'>neque</span> <span class='ocrx_word' id='word_1_147' title='bbox 911 2100 1025 2180; x_wconf 88' lang='lat' dir='ltr'>ullus,</span> <span class='ocrx_word' id='word_1_148' title='bbox 1052 2096 1151 2196; x_wconf 91' lang='lat' dir='ltr'>quod</span> <span class='ocrx_word' id='word_1_149' title='bbox 1169 2093 1292 2180; x_wconf 88' lang='lat' dir='ltr'>sciam,</span> <span class='ocrx_word' id='word_1_150' title='bbox 1323 2104 1487 2186; x_wconf 69' lang='lat' dir='ltr'>Veterum</span> <span class='ocrx_word' id='word_1_151' title='bbox 1498 2101 1710 2197; x_wconf 80' lang='lat' dir='ltr'>Scriptorum</span> 
     </span>
     <span class='ocr_line' id='line_1_18' title="bbox 369 2191 1710 2293; baseline 0.003 -28"><span class='ocrx_word' id='word_1_152' title='bbox 369 2217 445 2266; x_wconf 88' lang='lat' dir='ltr'>eam</span> <span class='ocrx_word' id='word_1_153' title='bbox 467 2195 617 2266; x_wconf 90' lang='lat' dir='ltr'>nominis</span> <span class='ocrx_word' id='word_1_154' title='bbox 634 2196 902 2291; x_wconf 86' lang='lat' dir='ltr'>geminationem</span> <span class='ocrx_word' id='word_1_155' title='bbox 921 2191 1078 2292; x_wconf 89' lang='lat' dir='ltr'>agnoscat</span> <span class='ocrx_word' id='word_1_156' title='bbox 1095 2209 1119 2281; x_wconf 82' lang='lat'>3&#39;</span> <span class='ocrx_word' id='word_1_157' title='bbox 1141 2218 1254 2290; x_wconf 87' lang='lat' dir='ltr'>neque</span> <span class='ocrx_word' id='word_1_158' title='bbox 1283 2194 1435 2292; x_wconf 90' lang='lat' dir='ltr'>prudens</span> <span class='ocrx_word' id='word_1_159' title='bbox 1465 2220 1577 2293; x_wconf 89' lang='lat' dir='ltr'>neque</span> <span class='ocrx_word' id='word_1_160' title='bbox 1596 2217 1710 2269; x_wconf 92' lang='lat' dir='ltr'>tutum</span> 
     </span>
     <span class='ocr_line' id='line_1_19' title="bbox 366 2287 1713 2390; baseline 0.001 -26"><span class='ocrx_word' id='word_1_161' title='bbox 366 2290 492 2365; x_wconf 72' lang='lat' dir='ltr'>fartum</span> <span class='ocrx_word' id='word_1_162' title='bbox 509 2289 596 2364; x_wconf 90' lang='lat' dir='ltr'>mihi</span> <span class='ocrx_word' id='word_1_163' title='bbox 616 2289 678 2363; x_wconf 86' lang='lat' dir='ltr'>else</span> <span class='ocrx_word' id='word_1_164' title='bbox 697 2291 856 2374; x_wconf 90' lang='lat' dir='ltr'>videtur,</span> <span class='ocrx_word' id='word_1_165' title='bbox 884 2316 987 2363; x_wconf 88' lang='lat' dir='ltr'>metae</span> <span class='ocrx_word' id='word_1_166' title='bbox 1006 2287 1168 2390; x_wconf 78' lang='lat' dir='ltr'>callaeque</span> <span class='ocrx_word' id='word_1_167' title='bbox 1182 2291 1406 2364; x_wconf 85' lang='lat' dir='ltr'>fundamento</span> <span class='ocrx_word' id='word_1_168' title='bbox 1426 2292 1713 2382; x_wconf 63' lang='lat' dir='ltr'>conjeduraetan·</span> 
     </span>
     <span class='ocr_line' id='line_1_20' title="bbox 368 2382 1710 2484; baseline 0.002 -25"><span class='ocrx_word' id='word_1_169' title='bbox 368 2408 446 2459; x_wconf 90' lang='lat' dir='ltr'>tum</span> <span class='ocrx_word' id='word_1_170' title='bbox 464 2387 634 2469; x_wconf 91' lang='lat' dir='ltr'>tribuere,</span> <span class='ocrx_word' id='word_1_171' title='bbox 663 2410 701 2459; x_wconf 91' lang='lat' dir='ltr'>ut</span> <span class='ocrx_word' id='word_1_172' title='bbox 717 2389 926 2460; x_wconf 78' lang='lat' dir='ltr'>verissimum</span> <span class='ocrx_word' id='word_1_173' title='bbox 947 2382 1010 2459; x_wconf 87' lang='lat' dir='ltr'>elle</span> <span class='ocrx_word' id='word_1_174' title='bbox 1029 2389 1235 2471; x_wconf 84' lang='lat' dir='ltr'>credamus,</span> <span class='ocrx_word' id='word_1_175' title='bbox 1264 2388 1398 2484; x_wconf 87' lang='lat' dir='ltr'>quoda</span> <span class='ocrx_word' id='word_1_176' title='bbox 1419 2388 1517 2461; x_wconf 90' lang='lat' dir='ltr'>nullo</span> <span class='ocrx_word' id='word_1_177' title='bbox 1531 2389 1710 2484; x_wconf 89' lang='lat' dir='ltr'>proditum</span> 
     </span>
     <span class='ocr_line' id='line_1_21' title="bbox 368 2482 1710 2583; baseline 0.004 -28"><span class='ocrx_word' id='word_1_178' title='bbox 368 2482 416 2556; x_wconf 89' lang='lat' dir='ltr'>est</span> <span class='ocrx_word' id='word_1_179' title='bbox 427 2483 610 2556; x_wconf 83' lang='lat' dir='ltr'>Histori&#39;co.</span> <span class='ocrx_word' id='word_1_180' title='bbox 659 2484 759 2557; x_wconf 90' lang='lat' dir='ltr'>Salva</span> <span class='ocrx_word' id='word_1_181' title='bbox 779 2486 885 2582; x_wconf 90' lang='lat' dir='ltr'>igitur</span> <span class='ocrx_word' id='word_1_182' title='bbox 910 2488 943 2556; x_wconf 90' lang='lat' dir='ltr'>in</span> <span class='ocrx_word' id='word_1_183' title='bbox 961 2485 1038 2557; x_wconf 88' lang='lat' dir='ltr'>aliis</span> <span class='ocrx_word' id='word_1_184' title='bbox 1064 2482 1205 2583; x_wconf 89' lang='lat' dir='ltr'>Josephi</span> <span class='ocrx_word' id='word_1_185' title='bbox 1222 2488 1418 2558; x_wconf 66' lang='lat' dir='ltr'>austoritate</span> <span class='ocrx_word' id='word_1_186' title='bbox 1439 2532 1450 2567; x_wconf 93' lang='lat'>,</span> <span class='ocrx_word' id='word_1_187' title='bbox 1490 2487 1635 2558; x_wconf 90' lang='lat' dir='ltr'>vicerint</span> <span class='ocrx_word' id='word_1_188' title='bbox 1654 2483 1710 2561; x_wconf 89' lang='lat' dir='ltr'>hic</span> 
     </span>
     <span class='ocr_line' id='line_1_22' title="bbox 369 2579 1704 2680; baseline 0.001 -26"><span class='ocrx_word' id='word_1_189' title='bbox 369 2584 463 2654; x_wconf 85' lang='lat' dir='ltr'>Evan</span> <span class='ocrx_word' id='word_1_190' title='bbox 492 2579 607 2654; x_wconf 87' lang='lat' dir='ltr'>elillae.</span> <span class='ocrx_word' id='word_1_191' title='bbox 661 2582 820 2654; x_wconf 88' lang='lat' dir='ltr'>Herodes</span> <span class='ocrx_word' id='word_1_192' title='bbox 839 2582 957 2680; x_wconf 87' lang='lat' dir='ltr'>itaque</span> <span class='ocrx_word' id='word_1_193' title='bbox 978 2581 1189 2664; x_wconf 87' lang='lat' dir='ltr'>Tetrarcha,</span> <span class='ocrx_word' id='word_1_194' title='bbox 1217 2604 1335 2678; x_wconf 88' lang='lat' dir='ltr'>captus</span> <span class='ocrx_word' id='word_1_195' title='bbox 1354 2607 1469 2656; x_wconf 89' lang='lat' dir='ltr'>amore</span> <span class='ocrx_word' id='word_1_196' title='bbox 1481 2581 1704 2665; x_wconf 90' lang='lat' dir='ltr'>Herodiadis,</span> 
     </span>
     <span class='ocr_line' id='line_1_23' title="bbox 368 2605 1711 2777; baseline 0.003 -30"><span class='ocrx_word' id='word_1_197' title='bbox 368 2702 448 2775; x_wconf 85' lang='lat' dir='ltr'>quae</span> <span class='ocrx_word' id='word_1_198' title='bbox 467 2605 559 2751; x_wconf 67' lang='lat' dir='ltr'>lratri</span> <span class='ocrx_word' id='word_1_199' title='bbox 581 2674 642 2750; x_wconf 92' lang='lat' dir='ltr'>suo</span> <span class='ocrx_word' id='word_1_200' title='bbox 666 2676 826 2775; x_wconf 90' lang='lat' dir='ltr'>Philippo</span> <span class='ocrx_word' id='word_1_201' title='bbox 843 2674 1000 2775; x_wconf 82' lang='lat' dir='ltr'>nupserat</span> <span class='ocrx_word' id='word_1_202' title='bbox 1018 2725 1028 2760; x_wconf 91' lang='lat'>‚</span> <span class='ocrx_word' id='word_1_203' title='bbox 1057 2674 1156 2750; x_wconf 88' lang='lat' dir='ltr'>ausus</span> <span class='ocrx_word' id='word_1_204' title='bbox 1174 2677 1283 2753; x_wconf 75' lang='lat' dir='ltr'>elide</span> <span class='ocrx_word' id='word_1_205' title='bbox 1303 2677 1521 2777; x_wconf 90' lang='lat' dir='ltr'>impetrando</span> <span class='ocrx_word' id='word_1_206' title='bbox 1536 2679 1608 2769; x_wconf 89' lang='lat' dir='ltr'>ejus</span> <span class='ocrx_word' id='word_1_207' title='bbox 1626 2703 1711 2751; x_wconf 89' lang='lat' dir='ltr'>con·</span> 
     </span>
     <span class='ocr_line' id='line_1_24' title="bbox 365 2771 1712 2872; baseline 0.002 -26"><span class='ocrx_word' id='word_1_208' title='bbox 365 2776 465 2872; x_wconf 82' lang='lat' dir='ltr'>jugio</span> <span class='ocrx_word' id='word_1_209' title='bbox 485 2778 695 2848; x_wconf 89' lang='lat' dir='ltr'>mentionem</span> <span class='ocrx_word' id='word_1_210' title='bbox 716 2773 836 2847; x_wconf 83' lang='lat' dir='ltr'>facere.</span> <span class='ocrx_word' id='word_1_211' title='bbox 889 2781 968 2866; x_wconf 83' lang='lat' dir='ltr'>Qua</span> <span class='ocrx_word' id='word_1_212' title='bbox 1000 2771 1220 2858; x_wconf 83' lang='lat' dir='ltr'>allentiente,</span> <span class='ocrx_word' id='word_1_213' title='bbox 1259 2779 1346 2849; x_wconf 90' lang='lat' dir='ltr'>inter</span> <span class='ocrx_word' id='word_1_214' title='bbox 1378 2801 1437 2848; x_wconf 90' lang='lat' dir='ltr'>eos</span> <span class='ocrx_word' id='word_1_215' title='bbox 1460 2777 1643 2857; x_wconf 90' lang='lat' dir='ltr'>convenit,</span> <span class='ocrx_word' id='word_1_216' title='bbox 1671 2796 1712 2850; x_wconf 92' lang='lat' dir='ltr'>ut</span> 
     </span>
     <span class='ocr_line' id='line_1_25' title="bbox 366 2869 1749 2972; baseline 0 -26"><span class='ocrx_word' id='word_1_217' title='bbox 366 2873 492 2946; x_wconf 86' lang='lat' dir='ltr'>mulier</span> <span class='ocrx_word' id='word_1_218' title='bbox 504 2875 665 2971; x_wconf 90' lang='lat' dir='ltr'>migraret</span> <span class='ocrx_word' id='word_1_219' title='bbox 677 2874 712 2944; x_wconf 88' lang='lat' dir='ltr'>in</span> <span class='ocrx_word' id='word_1_220' title='bbox 730 2872 802 2962; x_wconf 86' lang='lat' dir='ltr'>ejus</span> <span class='ocrx_word' id='word_1_221' title='bbox 824 2871 1067 2972; x_wconf 81' lang='lat' dir='ltr'>domicilium:</span> <span class='ocrx_word' id='word_1_222' title='bbox 1093 2896 1202 2970; x_wconf 90' lang='lat' dir='ltr'>utque</span> <span class='ocrx_word' id='word_1_223' title='bbox 1222 2869 1292 2971; x_wconf 89' lang='lat' dir='ltr'>ipse</span> <span class='ocrx_word' id='word_1_224' title='bbox 1313 2878 1425 2952; x_wconf 71' lang='lat' dir='ltr'>Aretae</span> <span class='ocrx_word' id='word_1_225' title='bbox 1440 2869 1565 2955; x_wconf 88' lang='lat' dir='ltr'>filiam,</span> <span class='ocrx_word' id='word_1_226' title='bbox 1593 2872 1711 2971; x_wconf 72' lang='lat' dir='ltr'>legin·</span> <span class='ocrx_word' id='word_1_227' title='bbox 1745 2941 1749 2949; x_wconf 81' lang='grc'><em>,</em></span> 
     </span>
     <span class='ocr_line' id='line_1_26' title="bbox 364 2964 1711 3069; baseline -0.001 -27"><span class='ocrx_word' id='word_1_228' title='bbox 364 2993 460 3042; x_wconf 89' lang='lat' dir='ltr'>mam</span> <span class='ocrx_word' id='word_1_229' title='bbox 481 2973 661 3067; x_wconf 82' lang='lat' dir='ltr'>conjugem</span> <span class='ocrx_word' id='word_1_230' title='bbox 684 2964 806 3052; x_wconf 87' lang='lat' dir='ltr'>suam,</span> <span class='ocrx_word' id='word_1_231' title='bbox 837 2972 961 3061; x_wconf 86' lang='lat' dir='ltr'>ejiciat.</span> <span class='ocrx_word' id='word_1_232' title='bbox 1013 2976 1101 3060; x_wconf 85' lang='lat' dir='ltr'>Quae</span> <span class='ocrx_word' id='word_1_233' title='bbox 1120 2964 1174 3043; x_wconf 84' lang='lat' dir='ltr'>res</span> <span class='ocrx_word' id='word_1_234' title='bbox 1190 2994 1355 3069; x_wconf 88' lang='lat' dir='ltr'>magnum</span> <span class='ocrx_word' id='word_1_235' title='bbox 1374 2971 1507 3042; x_wconf 88' lang='lat' dir='ltr'>Herodi</span> <span class='ocrx_word' id='word_1_236' title='bbox 1525 2992 1594 3042; x_wconf 88' lang='lat' dir='ltr'>tam</span> <span class='ocrx_word' id='word_1_237' title='bbox 1617 2968 1711 3067; x_wconf 89' lang='lat' dir='ltr'>apud</span> 
     </span>
     <span class='ocr_line' id='line_1_27' title="bbox 365 3062 1623 3166; baseline -0.002 -25"><span class='ocrx_word' id='word_1_238' title='bbox 365 3071 505 3141; x_wconf 83' lang='lat' dir='ltr'>Atetam</span> <span class='ocrx_word' id='word_1_239' title='bbox 525 3062 700 3148; x_wconf 88' lang='lat' dir='ltr'>socerum,</span> <span class='ocrx_word' id='word_1_240' title='bbox 729 3092 834 3162; x_wconf 87' lang='lat' dir='ltr'>quam</span> <span class='ocrx_word' id='word_1_241' title='bbox 856 3069 948 3164; x_wconf 88' lang='lat' dir='ltr'>apud</span> <span class='ocrx_word' id='word_1_242' title='bbox 963 3068 1147 3166; x_wconf 85' lang='lat' dir='ltr'>populares</span> <span class='ocrx_word' id='word_1_243' title='bbox 1170 3065 1278 3150; x_wconf 87' lang='lat' dir='ltr'>suos,</span> <span class='ocrx_word' id='word_1_244' title='bbox 1306 3068 1467 3140; x_wconf 86' lang='lat' dir='ltr'>conflavit</span> <span class='ocrx_word' id='word_1_245' title='bbox 1488 3066 1623 3139; x_wconf 87' lang='lat' dir='ltr'>odium.</span> 
     </span>
     <span class='ocr_line' id='line_1_28' title="bbox 468 3159 1924 3262; baseline -0.002 -27"><span class='ocrx_word' id='word_1_246' title='bbox 468 3168 623 3237; x_wconf 83' lang='lat' dir='ltr'>Lxxrr.</span> <span class='ocrx_word' id='word_1_247' title='bbox 662 3169 719 3233; x_wconf 90' lang='lat' dir='ltr'>Ne</span> <span class='ocrx_word' id='word_1_248' title='bbox 747 3187 789 3232; x_wconf 88' lang='lat' dir='ltr'>ue</span> <span class='ocrx_word' id='word_1_249' title='bbox 817 3165 941 3235; x_wconf 68' lang='lat' dir='ltr'>indida</span> <span class='ocrx_word' id='word_1_250' title='bbox 968 3189 1103 3236; x_wconf 91' lang='lat' dir='ltr'>manere</span> <span class='ocrx_word' id='word_1_251' title='bbox 1131 3166 1248 3261; x_wconf 89' lang='lat' dir='ltr'>potuit</span> <span class='ocrx_word' id='word_1_252' title='bbox 1267 3160 1430 3262; x_wconf 88' lang='lat' dir='ltr'>Johanni.</span> <span class='ocrx_word' id='word_1_253' title='bbox 1482 3163 1621 3259; x_wconf 87' lang='lat' dir='ltr'>Quippe</span> <span class='ocrx_word' id='word_1_254' title='bbox 1645 3159 1924 3260; x_wconf 76' lang='lat' dir='ltr'>quiLxxss.Ol·</span> 
     </span>
     <span class='ocr_line' id='line_1_29' title="bbox 365 3187 1872 3371; baseline -0.003 -36"><span class='ocrx_word' id='word_1_255' title='bbox 365 3259 464 3335; x_wconf 88' lang='lat' dir='ltr'>nulla</span> <span class='ocrx_word' id='word_1_256' title='bbox 482 3261 679 3333; x_wconf 87' lang='lat' dir='ltr'>circuitione</span> <span class='ocrx_word' id='word_1_257' title='bbox 695 3187 794 3339; x_wconf 67' lang='lat' dir='ltr'>ullis,</span> <span class='ocrx_word' id='word_1_258' title='bbox 818 3260 987 3355; x_wconf 86' lang='lat' dir='ltr'>intrepide</span> <span class='ocrx_word' id='word_1_259' title='bbox 1002 3265 1169 3355; x_wconf 86' lang='lat' dir='ltr'>Tyranno</span> <span class='ocrx_word' id='word_1_260' title='bbox 1187 3258 1279 3329; x_wconf 84' lang='lat' dir='ltr'>dixit</span> <span class='ocrx_word' id='word_1_261' title='bbox 1298 3303 1309 3339; x_wconf 92' lang='lat'>,</span> <span class='ocrx_word' id='word_1_262' title='bbox 1338 3283 1398 3330; x_wconf 89' lang='lat' dir='ltr'>non</span> <span class='ocrx_word' id='word_1_263' title='bbox 1418 3258 1491 3330; x_wconf 83' lang='lat' dir='ltr'>licet</span> <span class='ocrx_word' id='word_1_264' title='bbox 1509 3256 1573 3330; x_wconf 86' lang='lat' dir='ltr'>tibi</span> <span class='ocrx_word' id='word_1_265' title='bbox 1592 3254 1872 3371; x_wconf 47' lang='lat' dir='ltr'>hahere‘rmssm</span> 
     </span>
     <span class='ocr_line' id='line_1_30' title="bbox 361 3351 1866 3463; baseline -0.001 -32"><span class='ocrx_word' id='word_1_266' title='bbox 361 3380 497 3431; x_wconf 79' lang='lat' dir='ltr'>uxorem</span> <span class='ocrx_word' id='word_1_267' title='bbox 511 3356 622 3441; x_wconf 67' lang='lat' dir='ltr'>rhaerio</span> <span class='ocrx_word' id='word_1_268' title='bbox 639 3359 700 3428; x_wconf 82' lang='lat' dir='ltr'>tui.</span> <span class='ocrx_word' id='word_1_269' title='bbox 751 3362 789 3426; x_wconf 87' lang='lat' dir='ltr'>ln</span> <span class='ocrx_word' id='word_1_270' title='bbox 804 3354 1004 3426; x_wconf 86' lang='lat' dir='ltr'>abducenda</span> <span class='ocrx_word' id='word_1_271' title='bbox 1026 3353 1225 3426; x_wconf 87' lang='lat' dir='ltr'>Herodiade</span> <span class='ocrx_word' id='word_1_272' title='bbox 1237 3351 1369 3451; x_wconf 89' lang='lat' dir='ltr'>duplex</span> <span class='ocrx_word' id='word_1_273' title='bbox 1389 3353 1431 3425; x_wconf 90' lang='lat' dir='ltr'>ab</span> <span class='ocrx_word' id='word_1_274' title='bbox 1454 3354 1595 3428; x_wconf 88' lang='lat' dir='ltr'>Herode</span> <span class='ocrx_word' id='word_1_275' title='bbox 1613 3380 1789 3446; x_wconf 61' lang='lat' dir='ltr'>com-,pm</span> <span class='ocrx_word' id='word_1_276' title='bbox 1810 3384 1866 3463; x_wconf 55' lang='lat' dir='ltr'>J„</span> 
     </span>
     <span class='ocr_line' id='line_1_31' title="bbox 362 3445 1891 3551; baseline 0.001 -27"><span class='ocrx_word' id='word_1_277' title='bbox 362 3447 502 3529; x_wconf 81' lang='lat' dir='ltr'>millum</span> <span class='ocrx_word' id='word_1_278' title='bbox 521 3450 566 3524; x_wconf 82' lang='lat' dir='ltr'>est</span> <span class='ocrx_word' id='word_1_279' title='bbox 585 3455 721 3525; x_wconf 88' lang='lat' dir='ltr'>crimen.</span> <span class='ocrx_word' id='word_1_280' title='bbox 770 3459 863 3524; x_wconf 87' lang='lat' dir='ltr'>Nam</span> <span class='ocrx_word' id='word_1_281' title='bbox 881 3453 1010 3524; x_wconf 87' lang='lat' dir='ltr'>viventi</span> <span class='ocrx_word' id='word_1_282' title='bbox 1028 3453 1177 3532; x_wconf 86' lang='lat' dir='ltr'>marito,</span> <span class='ocrx_word' id='word_1_283' title='bbox 1205 3474 1276 3523; x_wconf 90' lang='lat' dir='ltr'>non</span> <span class='ocrx_word' id='word_1_284' title='bbox 1289 3445 1458 3524; x_wconf 88' lang='lat' dir='ltr'>dimillam</span> <span class='ocrx_word' id='word_1_285' title='bbox 1476 3452 1518 3526; x_wconf 88' lang='lat' dir='ltr'>ab</span> <span class='ocrx_word' id='word_1_286' title='bbox 1531 3449 1606 3551; x_wconf 89' lang='lat' dir='ltr'>ipso</span> <span class='ocrx_word' id='word_1_287' title='bbox 1617 3477 1707 3527; x_wconf 89' lang='lat' dir='ltr'>uxo·</span> <span class='ocrx_word' id='word_1_288' title='bbox 1720 3463 1813 3523; x_wconf 69' lang='lat' dir='ltr'>lanne</span> <span class='ocrx_word' id='word_1_289' title='bbox 1828 3485 1891 3525; x_wconf 82' lang='lat' dir='ltr'>m·</span> 
     </span>
     <span class='ocr_line' id='line_1_32' title="bbox 362 3541 1891 3648; baseline 0.002 -26"><span class='ocrx_word' id='word_1_290' title='bbox 362 3573 460 3631; x_wconf 85' lang='lat' dir='ltr'>rem,</span> <span class='ocrx_word' id='word_1_291' title='bbox 485 3548 586 3622; x_wconf 89' lang='lat' dir='ltr'>malis</span> <span class='ocrx_word' id='word_1_292' title='bbox 606 3549 756 3631; x_wconf 90' lang='lat' dir='ltr'>artibus,</span> <span class='ocrx_word' id='word_1_293' title='bbox 779 3553 837 3631; x_wconf 81' lang='grc' dir='ltr'>δι,</span> <span class='ocrx_word' id='word_1_294' title='bbox 858 3550 906 3621; x_wconf 92' lang='lat' dir='ltr'>uti</span> <span class='ocrx_word' id='word_1_295' title='bbox 928 3545 984 3621; x_wconf 91' lang='lat' dir='ltr'>hic</span> <span class='ocrx_word' id='word_1_296' title='bbox 1001 3548 1125 3621; x_wconf 68' lang='lat' dir='ltr'>noum</span> <span class='ocrx_word' id='word_1_297' title='bbox 1142 3544 1311 3648; x_wconf 87' lang='lat' dir='ltr'>Josephus</span> <span class='ocrx_word' id='word_1_298' title='bbox 1342 3571 1545 3633; x_wconf 85' lang='lat' dir='ltr'>memorat,</span> <span class='ocrx_word' id='word_1_299' title='bbox 1582 3550 1711 3625; x_wconf 84' lang='lat' dir='ltr'>violata</span> <span class='ocrx_word' id='word_1_300' title='bbox 1720 3541 1787 3637; x_wconf 52' lang='grc' dir='ltr'>’ξω</span> <span class='ocrx_word' id='word_1_301' title='bbox 1806 3542 1891 3607; x_wconf 66' lang='lat' dir='ltr'><strong><em>’&#39;W&#39;&#39;</em></strong></span> 
     </span>
     <span class='ocr_line' id='line_1_33' title="bbox 361 3632 1800 3744; baseline 0.001 -24"><span class='ocrx_word' id='word_1_302' title='bbox 361 3643 691 3744; x_wconf 15' lang='lat' dir='ltr'>hospitiitreligione</span> <span class='ocrx_word' id='word_1_303' title='bbox 702 3692 712 3728; x_wconf 92' lang='lat'>,</span> <span class='ocrx_word' id='word_1_304' title='bbox 732 3645 926 3728; x_wconf 91' lang='lat' dir='ltr'>abducere,</span> <span class='ocrx_word' id='word_1_305' title='bbox 954 3664 1065 3744; x_wconf 81' lang='lat' dir='ltr'>mpetu</span> <span class='ocrx_word' id='word_1_306' title='bbox 1085 3667 1188 3743; x_wconf 88' lang='lat' dir='ltr'>atque</span> <span class='ocrx_word' id='word_1_307' title='bbox 1210 3646 1402 3719; x_wconf 78' lang='lat' dir='ltr'>adulterium</span> <span class='ocrx_word' id='word_1_308' title='bbox 1421 3670 1519 3722; x_wconf 84' lang='lat' dir='ltr'>erat:</span> <span class='ocrx_word' id='word_1_309' title='bbox 1546 3646 1614 3723; x_wconf 90' lang='lat' dir='ltr'>hoc</span> <span class='ocrx_word' id='word_1_310' title='bbox 1632 3632 1800 3722; x_wconf 56' lang='lat' dir='ltr'>inst-‘&#39;⁸¹¹&#39;’</span> 
     </span>
     <span class='ocr_line' id='line_1_34' title="bbox 390 3742 1710 3840; baseline 0.003 -25"><span class='ocrx_word' id='word_1_311' title='bbox 390 3747 484 3816; x_wconf 91' lang='lat' dir='ltr'>niore</span> <span class='ocrx_word' id='word_1_312' title='bbox 501 3744 646 3832; x_wconf 88' lang='lat' dir='ltr'>injuria,</span> <span class='ocrx_word' id='word_1_313' title='bbox 675 3743 773 3840; x_wconf 90' lang='lat' dir='ltr'>quod</span> <span class='ocrx_word' id='word_1_314' title='bbox 792 3745 826 3816; x_wconf 90' lang='lat' dir='ltr'>in</span> <span class='ocrx_word' id='word_1_315' title='bbox 843 3743 982 3817; x_wconf 85' lang='lat' dir='ltr'>fratrem</span> <span class='ocrx_word' id='word_1_316' title='bbox 995 3742 1279 3823; x_wconf 80' lang='lat' dir='ltr'>committeretur.</span> <span class='ocrx_word' id='word_1_317' title='bbox 1331 3743 1525 3819; x_wconf 83' lang='lat' dir='ltr'>Accedebat</span> <span class='ocrx_word' id='word_1_318' title='bbox 1538 3745 1710 3820; x_wconf 90' lang='lat' dir='ltr'>adulterio</span> 
     </span>
     <span class='ocr_line' id='line_1_35' title="bbox 362 3764 1712 3938; baseline 0.004 -24"><span class='ocrx_word' id='word_1_319' title='bbox 362 3764 553 3937; x_wconf 63' lang='lat' dir='ltr'>dutapmi,</span> <span class='ocrx_word' id='word_1_320' title='bbox 583 3841 709 3913; x_wconf 88' lang='lat' dir='ltr'>crimen</span> <span class='ocrx_word' id='word_1_321' title='bbox 730 3839 835 3924; x_wconf 80' lang='lat' dir='ltr'>intelli</span> <span class='ocrx_word' id='word_1_322' title='bbox 852 3866 895 3914; x_wconf 90' lang='lat' dir='ltr'>ex</span> <span class='ocrx_word' id='word_1_323' title='bbox 917 3841 991 3938; x_wconf 92' lang='lat' dir='ltr'>lege</span> <span class='ocrx_word' id='word_1_324' title='bbox 1005 3836 1113 3914; x_wconf 89' lang='lat' dir='ltr'>Mosrs</span> <span class='ocrx_word' id='word_1_325' title='bbox 1131 3843 1220 3914; x_wconf 87' lang='lat' dir='ltr'>Lev.</span> <span class='ocrx_word' id='word_1_326' title='bbox 1233 3862 1348 3916; x_wconf 88' lang='lat' dir='ltr'>xv111</span> <span class='ocrx_word' id='word_1_327' title='bbox 1370 3867 1378 3912; x_wconf 92' lang='lat'><strong>:</strong></span> <span class='ocrx_word' id='word_1_328' title='bbox 1405 3844 1462 3915; x_wconf 87' lang='lat'>16.</span> <span class='ocrx_word' id='word_1_329' title='bbox 1514 3846 1712 3919; x_wconf 82' lang='lat' dir='ltr'>Nuditatem</span> 
     </span>
     <span class='ocr_line' id='line_1_36' title="bbox 356 3934 1710 4032; baseline 0.007 -25"><span class='ocrx_word' id='word_1_330' title='bbox 356 3938 482 4028; x_wconf 67' lang='lat' dir='ltr'>fratria</span> <span class='ocrx_word' id='word_1_331' title='bbox 499 3957 559 4010; x_wconf 81' lang='lat' dir='ltr'>tue</span> <span class='ocrx_word' id='word_1_332' title='bbox 573 3962 611 4010; x_wconf 87' lang='lat' dir='ltr'>ne</span> <span class='ocrx_word' id='word_1_333' title='bbox 624 3942 782 4032; x_wconf 79' lang='lat' dir='ltr'>retegitur</span> <span class='ocrx_word' id='word_1_334' title='bbox 803 3943 926 4011; x_wconf 73' lang='lat' dir='ltr'>nuditer</span> <span class='ocrx_word' id='word_1_335' title='bbox 934 3941 1047 4026; x_wconf 70' lang='lat' dir='ltr'>fratris</span> <span class='ocrx_word' id='word_1_336' title='bbox 1061 3942 1112 4010; x_wconf 81' lang='lat' dir='ltr'>tui</span> <span class='ocrx_word' id='word_1_337' title='bbox 1122 3934 1172 4021; x_wconf 80' lang='lat' dir='ltr'>est.</span> <span class='ocrx_word' id='word_1_338' title='bbox 1221 3944 1315 4011; x_wconf 87' lang='lat' dir='ltr'>Nam</span> <span class='ocrx_word' id='word_1_339' title='bbox 1327 3962 1365 4009; x_wconf 87' lang='lat' dir='ltr'>ea</span> <span class='ocrx_word' id='word_1_340' title='bbox 1381 3937 1439 4011; x_wconf 90' lang='lat' dir='ltr'>lex</span> <span class='ocrx_word' id='word_1_341' title='bbox 1449 3940 1584 4013; x_wconf 88' lang='lat' dir='ltr'>unicam</span> <span class='ocrx_word' id='word_1_342' title='bbox 1595 3936 1710 4016; x_wconf 87' lang='lat' dir='ltr'>solum</span> 
     </span>
     <span class='ocr_line' id='line_1_37' title="bbox 360 4030 1711 4132; baseline 0.003 -25"><span class='ocrx_word' id='word_1_343' title='bbox 360 4032 510 4107; x_wconf 86' lang='lat' dir='ltr'>habebat</span> <span class='ocrx_word' id='word_1_344' title='bbox 538 4038 804 4132; x_wconf 87' lang='lat' dir='ltr'>exceptionem,</span> <span class='ocrx_word' id='word_1_345' title='bbox 845 4031 867 4106; x_wconf 87' lang='lat' dir='ltr'>sr</span> <span class='ocrx_word' id='word_1_346' title='bbox 887 4034 987 4108; x_wconf 88' lang='lat' dir='ltr'>frater</span> <span class='ocrx_word' id='word_1_347' title='bbox 1008 4059 1165 4107; x_wconf 84' lang='lat' dir='ltr'>mortuus</span> <span class='ocrx_word' id='word_1_348' title='bbox 1187 4030 1265 4106; x_wconf 89' lang='lat' dir='ltr'>ellet</span> <span class='ocrx_word' id='word_1_349' title='bbox 1288 4035 1444 4109; x_wconf 85' lang='lat' dir='ltr'>illiberis.</span> <span class='ocrx_word' id='word_1_350' title='bbox 1502 4038 1711 4111; x_wconf 79' lang='lat' dir='ltr'>Herodiadiu</span> 
     </span>
     <span class='ocr_line' id='line_1_38' title="bbox 361 4127 1710 4228; baseline 0.001 -24"><span class='ocrx_word' id='word_1_351' title='bbox 361 4151 480 4204; x_wconf 85' lang='lat' dir='ltr'>autem</span> <span class='ocrx_word' id='word_1_352' title='bbox 497 4134 666 4215; x_wconf 85' lang='lat' dir='ltr'>maritus,</span> <span class='ocrx_word' id='word_1_353' title='bbox 691 4137 727 4205; x_wconf 87' lang='lat'>&amp;</span> <span class='ocrx_word' id='word_1_354' title='bbox 744 4131 883 4204; x_wconf 88' lang='lat' dir='ltr'>vivebat</span> <span class='ocrx_word' id='word_1_355' title='bbox 893 4156 935 4203; x_wconf 90' lang='lat' dir='ltr'>eo</span> <span class='ocrx_word' id='word_1_356' title='bbox 955 4153 1138 4228; x_wconf 89' lang='lat' dir='ltr'>tempore,</span> <span class='ocrx_word' id='word_1_357' title='bbox 1165 4134 1201 4204; x_wconf 90' lang='lat'>&amp;</span> <span class='ocrx_word' id='word_1_358' title='bbox 1218 4127 1324 4204; x_wconf 86' lang='lat' dir='ltr'>liliam</span> <span class='ocrx_word' id='word_1_359' title='bbox 1337 4157 1381 4205; x_wconf 91' lang='lat' dir='ltr'>ex</span> <span class='ocrx_word' id='word_1_360' title='bbox 1394 4128 1464 4228; x_wconf 85' lang='lat' dir='ltr'>ipsa</span> <span class='ocrx_word' id='word_1_361' title='bbox 1477 4128 1636 4217; x_wconf 88' lang='lat' dir='ltr'>habebat,</span> <span class='ocrx_word' id='word_1_362' title='bbox 1649 4158 1710 4209; x_wconf 89' lang='lat' dir='ltr'>cu·</span> 
     </span>
     <span class='ocr_line' id='line_1_39' title="bbox 359 4228 1714 4331; baseline 0.004 -34"><span class='ocrx_word' id='word_1_363' title='bbox 359 4228 417 4320; x_wconf 83' lang='lat' dir='ltr'>jus</span> <span class='ocrx_word' id='word_1_364' title='bbox 436 4230 667 4301; x_wconf 90' lang='lat' dir='ltr'>meminerunt</span> <span class='ocrx_word' id='word_1_365' title='bbox 679 4228 915 4328; x_wconf 88' lang='lat' dir='ltr'>Evangelillae.</span> <span class='ocrx_word' id='word_1_366' title='bbox 968 4228 1021 4302; x_wconf 91' lang='lat' dir='ltr'>Ut</span> <span class='ocrx_word' id='word_1_367' title='bbox 1037 4252 1165 4302; x_wconf 90' lang='lat' dir='ltr'>taceam</span> <span class='ocrx_word' id='word_1_368' title='bbox 1187 4251 1277 4302; x_wconf 89' lang='lat' dir='ltr'>nunc</span> <span class='ocrx_word' id='word_1_369' title='bbox 1299 4228 1343 4301; x_wconf 89' lang='lat' dir='ltr'>de</span> <span class='ocrx_word' id='word_1_370' title='bbox 1369 4229 1510 4329; x_wconf 88' lang='lat' dir='ltr'>indigna</span> <span class='ocrx_word' id='word_1_371' title='bbox 1532 4235 1567 4305; x_wconf 88' lang='lat' dir='ltr'>in</span> <span class='ocrx_word' id='word_1_372' title='bbox 1595 4232 1714 4331; x_wconf 88' lang='lat' dir='ltr'>legiti-</span> 
     </span>
     <span class='ocr_line' id='line_1_40' title="bbox 358 4318 1714 4427; baseline 0.001 -31"><span class='ocrx_word' id='word_1_373' title='bbox 358 4345 454 4397; x_wconf 88' lang='lat' dir='ltr'>mam</span> <span class='ocrx_word' id='word_1_374' title='bbox 476 4327 659 4423; x_wconf 81' lang='lat' dir='ltr'>conjugem</span> <span class='ocrx_word' id='word_1_375' title='bbox 671 4328 792 4418; x_wconf 84' lang='lat' dir='ltr'>injuria</span> <span class='ocrx_word' id='word_1_376' title='bbox 803 4327 878 4408; x_wconf 70' lang='lat' dir='ltr'>„in</span> <span class='ocrx_word' id='word_1_377' title='bbox 888 4318 1082 4399; x_wconf 83' lang='lat' dir='ltr'>incestuosae</span> <span class='ocrx_word' id='word_1_378' title='bbox 1099 4324 1263 4398; x_wconf 87' lang='lat' dir='ltr'>adulterae</span> <span class='ocrx_word' id='word_1_379' title='bbox 1283 4328 1451 4424; x_wconf 86' lang='lat' dir='ltr'>gratiam,</span> <span class='ocrx_word' id='word_1_380' title='bbox 1477 4330 1620 4427; x_wconf 88' lang='lat' dir='ltr'>turpiter</span> <span class='ocrx_word' id='word_1_381' title='bbox 1638 4349 1714 4398; x_wconf 85' lang='lat' dir='ltr'>ma·</span> 
     </span>
     <span class='ocr_line' id='line_1_41' title="bbox 357 4416 1710 4603; baseline -0.004 -104"><span class='ocrx_word' id='word_1_382' title='bbox 357 4422 419 4499; x_wconf 89' lang='lat' dir='ltr'>titi</span> <span class='ocrx_word' id='word_1_383' title='bbox 435 4419 539 4500; x_wconf 84' lang='lat' dir='ltr'>thoro</span> <span class='ocrx_word' id='word_1_384' title='bbox 555 4445 595 4501; x_wconf 76' lang='lat' dir='ltr'>ae</span> <span class='ocrx_word' id='word_1_385' title='bbox 612 4422 721 4502; x_wconf 88' lang='lat' dir='ltr'>domo</span> <span class='ocrx_word' id='word_1_386' title='bbox 741 4421 967 4524; x_wconf 78' lang='lat' dir='ltr'>ejiciendam,</span> <span class='ocrx_word' id='word_1_387' title='bbox 994 4416 1169 4603; x_wconf 60' lang='lat' dir='ltr'>”ifipilii</span> <span class='ocrx_word' id='word_1_388' title='bbox 1177 4421 1391 4504; x_wconf 87' lang='lat' dir='ltr'>immeritum</span> <span class='ocrx_word' id='word_1_389' title='bbox 1410 4421 1559 4503; x_wconf 83' lang='lat' dir='ltr'>dedecus</span> <span class='ocrx_word' id='word_1_390' title='bbox 1586 4422 1710 4500; x_wconf 87' lang='lat' dir='ltr'>callide</span> 
     </span>
     <span class='ocr_line' id='line_1_42' title="bbox 1192 4538 1711 4621; baseline 0.008 -4"><span class='ocrx_word' id='word_1_391' title='bbox 1192 4538 1213 4617; x_wconf 79' lang='lat'>3</span> <span class='ocrx_word' id='word_1_392' title='bbox 1620 4541 1711 4621; x_wconf 66' lang='lat' dir='ltr'>P¹ae3</span> 
     </span>
    </p>
   </div>
   <div class='ocr_carea' id='block_1_4' title="bbox 0 0 2338 5442">
    <p class='ocr_par' dir='ltr' id='par_1_4' title="bbox 0 0 2338 5442">
     <span class='ocr_line' id='line_1_43' title="bbox 0 0 2338 5442; baseline 0 3"><span class='ocrx_word' id='word_1_393' title='bbox 0 0 2338 5442; x_wconf 95' lang='lat' dir='ltr'> </span> 
     </span>
    </p>
   </div>
  </div>
 </body>
</html>
