4667 5442
599 488 978 590 Hrsroura
1047 493 1619 636 Hrrnosorpnn.
1691 509 1789 629 283

438 632 679 744 taminall'ent,
706 655 765 734 sua
786 686 889 759 opera
906 687 945 736 ac
964 663 1173 746 ministerio,
1198 666 1329 739 Divina
1343 663 1409 738 frui
1420 647 1670 763 magnificentia
1684 692 1790 765 opor·

421 776 525 853 rere.
578 757 709 830 Idcirco
731 761 819 831 circa
838 756 1017 833 salutatem
1037 757 1234 857 speluncam
1253 766 1335 833 Deo
1348 762 1492 860 dignum
1505 763 1678 859 templum
1692 787 1792 862 rega-

440 849 467 923 li
485 851 690 928 liberalitate
715 854 839 929 exstrui
859 855 967 947 jubet.
1016 862 1067 931 Ac
1077 858 1263 932 rectoribus
1271 860 1526 954 provintiarum
1536 884 1596 956 per
1607 861 1790 948 Orientem

434 952 603 1047 praecepit
638 996 650 1033 ‚
707 971 748 1024 ut
786 947 948 1049 impensis
986 949 1128 1050 copiose
1176 949 1435 1067 spbminislratis
1478 1001 1490 1038 ‚
1541 958 1663 1053 ingens
1709 981 1788 1030 am·

435 1044 606 1145 plumque
624 1072 662 1120 ac
681 1043 902 1147 magnificum
923 1074 1012 1146 opus
1026 1049 1117 1123 illud
1137 1051 1317 1124 efficerent.
1368 1054 1693 1125 PraetereaMacario
1705 1055 1790 1150 Epi-

437 1138 545 1241 scopo
564 1146 852 1238 Hierosolymorum
876 1139 1029 1244 scripsit,
1058 1170 1199 1243 operam
1225 1146 1350 1228 daret,
1383 1169 1428 1219 ut
1448 1143 1589 1221 Basrlica
1609 1147 1789 1223 strueretur

436 1237 687 1335 pulcherrima,
742 1266 796 1315 uae
809 1265 965 1323 omnes,
991 1244 1218 1338 quantumvis
1236 1244 1402 1323 eximias,
1426 1266 1628 1316 caeterarum
1647 1244 1788 1319 urbium

439 1335 583 1411 fabricas
603 1335 703 1409 facile
711 1265 904 1436 superaret.
955 1339 1024 1409 His
1042 1341 1091 1409 ita
1109 1337 1304 1411 constitutis
1331 1341 1486 1436 primum
1505 1337 1630 1414 sacram
1650 1335 1789 1438 spelun-

438 1456 539 1514 cam,
567 1454 690 1531 utpote
702 1437 812 1506 totius
829 1436 943 1530 operis
965 1454 1097 1531 caput,
1124 1436 1345 1530 imperatoris
1374 1432 1628 1533 magnificentia
1650 1438 1789 1509 eximiis
1887 1477 1890 1481 ⁴

437 1528 633 1610 columnis,
661 1531 817 1604 maximo
835 1527 983 1605 cultu&
1001 1525 1163 1627 cujusque
1182 1530 1279 1602 modi
1295 1533 1509 1604 ornamentis
1519 1531 1713 1614 decoravit,
1736 1557 1790 1607 at·
1858 1543 1860 1548 ’
1918 1603 1924 1612 ,

437 1649 508 1722 que
526 1624 718 1700 illustravit.
767 1619 1010 1722 Transgressus
1024 1624 1107 1697 inde
1126 1623 1226 1698 estad
1241 1624 1461 1699 vastissimum
1473 1626 1592 1702 locum
1605 1627 1717 1701 libero
1727 1656 1789 1728 pa-

436 1744 570 1794 tentem
593 1722 714 1805 coelo,
748 1723 848 1813 cujus
864 1719 981 1794 solum
1005 1717 1187 1819 splendido
1217 1721 1333 1820 lapide
1353 1722 1557 1808 constravit,
1584 1725 1789 1824 longiffimis

434 1818 593 1915 undique
610 1818 801 1917 porticibus
818 1817 867 1890 ad
888 1820 954 1890 tria
968 1816 1074 1892 latera
1095 1818 1239 1893 additis.
1287 1821 1432 1918 Quippe
1450 1818 1549 1893 lateri
1573 1821 1659 1904 illi,
1689 1823 1788 1919 quod

434 1938 513 1988 ere
538 1919 619 1987 ione
640 1911 808 2014 speluncae
826 1910 1007 2014 positum,
1035 1914 1117 1989 solis
1142 1937 1262 1989 ortum
1290 1914 1484 2013 spedabat,
1506 1919 1689 2005 coniuncta
1717 1941 1788 1993 erat
1891 1981 1898 1994 .

435 1939 578 2084 ballea
599 2040 607 2086 :
636 2036 726 2111 opus
743 2011 846 2111 plane
867 2011 1092 2094 admirabile,
1118 2013 1156 2085 in
1175 2010 1378 2088 immensam
1402 2012 1622 2086 altitudinem
1641 2014 1785 2098 elatum,
1821 2090 1826 2109 ,

435 2108 711 2206 &longitudine
732 2134 770 2182 ac
789 2106 972 2181 latitudine
987 2110 1142 2182 maxima
1156 2104 1355 2207 expansum.
1403 2110 1518 2201 Cujus
1534 2113 1697 2183 interiora
1707 2115 1787 2208 qui-
1863 2175 1867 2182 .

435 2205 517 2277 dem
536 2202 798 2280 versicoloribus
818 2208 1001 2293 marmoris
1026 2204 1143 2280 crustis
1159 2207 1298 2279 obtecta
1318 2203 1396 2281 sunt
1415 2234 1428 2279 a
1455 2210 1606 2279 exterior
1623 2232 1706 2279 vero
1725 2234 1786 2305 pa-

433 2303 564 2376 rietum
583 2298 802 2401 superficies,
825 2301 950 2400 politis
974 2302 1149 2415 lapidibus
1170 2303 1283 2401 probe
1307 2306 1397 2377 inter
1420 2295 1453 2376 se
1474 2304 1596 2375 vinclis
1613 2303 1785 2387 decorata,

434 2399 601 2471 eximiam
619 2398 793 2497 quandam
808 2395 1105 2497 pulchritudinem
1122 2398 1234 2472 nihilo
1252 2399 1449 2475 inferiorem
1467 2403 1650 2473 marmoris
1662 2396 1784 2498 specie,

432 2495 647 2593 praeferebat.
700 2496 758 2569 nd
783 2496 920 2569 culmen
952 2519 1037 2569 vero
1063 2500 1273 2571 &cameras
1300 2495 1399 2594 quod
1419 2498 1579 2579 attinet,
1617 2500 1787 2571 exteriora

433 2592 582 2688 quidem
601 2596 688 2665 tecta
705 2590 855 2690 plumbo
866 2612 1034 2687 tanquam
1051 2587 1239 2666 firmissimo
1255 2592 1410 2690 quodam
1419 2596 1639 2666 munimento
1658 2592 1702 2665 ad
1718 2592 1787 2689 hy.

433 2689 561 2761 bernos
577 2687 706 2762 imbres
727 2688 892 2761 arcendos
905 2688 1107 2761 obvallavit.
1157 2690 1305 2762 Interius
1332 2710 1453 2761 autem
1485 2694 1611 2762 tectum
1643 2684 1785 2786 sculptis

434 2784 653 2872 lacunaribus
673 2781 888 2866 consertum,
916 2787 953 2856 δι
973 2784 1073 2858 instar
1090 2785 1176 2859 vasti
1188 2781 1362 2876 cujusdam
1380 2782 1485 2858 maris
1498 2787 1683 2883 compastis
1695 2789 1785 2859 inter

433 2877 470 2955 se
487 2877 613 2955 tabulis
631 2908 693 2980 per
721 2904 832 2957 totam
852 2874 1022 2955 basilicam
1053 2881 1263 2965 dilatatum,
1289 2904 1476 2979 totumque
1495 2908 1580 2955 auro
1605 2884 1783 2980 purissimo

436 3002 669 3078 coopertum,
696 2974 884 3053 universam
906 2974 1079 3052 basilicam
1097 2978 1197 3055 velut
1211 2975 1418 3077 quibusdam
1430 2975 1568 3051 radiiss
1587 2976 1786 3052 lenderesa-

434 3076 558 3149 ciebat.
608 3084 715 3150 Porro
727 3076 773 3149 ad
790 3097 978 3172 utrumque
989 3075 1103 3157 latus,
1130 3077 1281 3173 geminae
1291 3077 1445 3172 porticus
1455 3098 1526 3148 tam
1540 3005 1780 3155 stibterraneae,

434 3197 545 3269 quam
554 3168 653 3269 supra
663 3196 788 3246 terram
801 3174 1010 3253 eminentes,
1038 3174 1146 3244 totius
1155 3168 1301 3242 basilicae
1313 3169 1570 3265 longitudinem
1580 3170 1785 3281 aequabant3
1803 3253 1806 3257 Α

406 3265 585 3366 'quarum
607 3269 919 3342 concamerationes
945 3290 1029 3337 auto
1055 3265 1197 3363 perinde
1224 3265 1361 3336 variatae
1382 3261 1473 3337 sunt.
1523 3270 1580 3344 Ex
1598 3264 1678 3346 his,
1706 3290 1786 3362 quae

434 3370 473 3439 in
496 3363 608 3437 fronte
629 3360 774 3437 basilicae
803 3383 929 3441 erant,
964 3360 1162 3459 ingentibus
1191 3358 1362 3432 columnis
1392 3359 1669 3433 'fulciebanturt
1705 3386 1786 3460 quae

435 3486 521 3536 vero
541 3460 748 3542 interiores,
775 3458 875 3558 pessis
897 3478 1025 3553 magno
1041 3456 1138 3542 cultu
1152 3451 1359 3529 extrinsecus
1379 3458 1506 3529 ornatis
1526 3453 1785 3533 sustinebantur.

434 3566 550 3634 Portae
562 3580 631 3631 tres
644 3556 690 3631 ad
707 3560 889 3631 Orientem
905 3557 1024 3627 Solem
1045 3574 1126 3651 apte
1145 3547 1314 3652 disposrtae
1334 3599 1345 3635 ‚
1380 3554 1630 3655 introbuntium
1647 3553 1785 3629 turbam
1865 3596 1868 3604 ·

435 3676 654 3769 exceperunt.
702 3658 732 3727 E
749 3654 890 3753 regione
909 3648 1030 3724 harum
1048 3672 1228 3751 portarum
1252 3673 1323 3724 erat
1344 3646 1625 3819 hemisphaerium
1646 3695 1658 3734 ,
1685 3647 1786 3748 quod

435 3773 545 3825 totius
568 3752 683 3851 operis
700 3776 804 3850 caput
823 3748 898 3831 est,
925 3744 1034 3919 ustpue
1053 3748 1098 3823 ad
1118 3747 1256 3821 culmen
1277 3742 1380 3845 ipsius
1404 3747 1448 3821 ba
1463 3748 1550 3821 alicae
1568 3768 1782 3845 protentum.
1831 3735 1840 3752 ¹
1876 3777 1879 3782 ¹

437 3847 653 3948 cingebatur
670 3848 709 3921 id
728 3847 915 3922 duodecim
936 3870 978 3918 co
993 3848 1107 3921 umnis
1126 3890 1138 3927 ,
1164 3869 1230 3943 pto
1248 3869 1394 3918 numero
1414 3839 1604 3919 fancorum
1624 3848 1786 3917 Servato-
1828 3899 1831 3904 ψ
1861 3853 1867 3860 ’
1943 3859 1954 3874 ··

434 3946 483 4021 ris
504 3944 607 4020 nostri
620 3942 868 4043 Apostolorum
890 3967 902 4028 3
928 3966 1074 4038 quarum
1091 3944 1203 4038 capita
1229 3942 1393 4014 maximis
1414 3940 1599 4014 crateribus
1614 3943 1784 4053 argenteis

436 4063 533 4116 erant
554 4064 703 4125 ornata,
730 4065 822 4139 quos
843 4046 1034 4135 Imperator
1055 4060 1219 4135 tanquam
1228 4035 1498 4136 pulcherrimum
1509 4036 1691 4111 donatrum
1702 4042 1783 4110 Deo
1845 4064 1848 4069 ¹
1908 4055 1911 4060 “
2028 4051 2031 4056 ’

436 4134 499 4213 suo
513 4140 696 4213 dicaverat.
748 4139 842 4210 Hinc
864 4138 909 4208 ad
931 4160 992 4209 eos
1013 4135 1148 4217 aditus,
1176 4139 1333 4231 quiante
1350 4134 1523 4231 templum
1545 4129 1621 4208 sunt
1640 4157 1785 4234 progre-

434 4236 626 4318 dientibus,
653 4261 765 4310 aream
775 4225 990 4331 interposuit.
1040 4237 1146 4304 Erant
1160 4252 1275 4305 autem
1290 4232 1327 4302 in
1338 4255 1381 4301 eo
1392 4228 1473 4305 loco
1481 4232 1633 4331 primum
1643 4233 1782 4314 atrium,

434 4332 565 4405 deinde
578 4335 730 4431 porticus
749 4332 794 4406 ad
814 4352 1001 4426 utrumque
1018 4329 1110 4403 latus
1133 4373 1146 4410 ‚
1173 4352 1212 4402 ac
1227 4324 1411 4443 postremo
1425 4352 1536 4429 portoe
1565 4331 1654 4403 atrii.
1705 4326 1786 4402 Post

434 4428 500 4506 bas
518 4432 627 4506 totius
644 4431 759 4533 operis
780 4425 946 4516 vestibula
960 4427 998 4505 in
1013 4419 1087 4531 52ss
1107 4423 1224 4501 media
1236 4422 1374 4524 platea,
1399 4450 1436 4505 ιιι
1456 4451 1529 4531 qua
1542 4425 1657 4503 forum
1669 4424 1718 4499 est
1727 4448 1785 4500 re·
1859 4489 1903 4512 „
1945 4371 1958 4398 '⁶

1106 4525 1230 4605 Nua
1351 4618 1360 4629 ,
1695 4544 1781 4597 ‚tum
