4667 5442
484 519 560 615 ηε
886 512 1253 591 ιιιιιιιιιιιιι
1288 510 1519 592 ιιιιιιι

487 699 544 777 vel
558 703 671 796 Eclogc
685 694 794 780 babet,
817 703 909 796 cujus
924 699 1023 795 liylua
1040 699 1149 774 Grecis
1163 699 1338 791 Latinisque
1354 698 1494 772 tonant
1510 699 1549 777 dt
1565 696 1691 794 Vergilii
1715 699 1849 773 canni

486 804 542 876 bas
558 799 668 874 smilis
686 796 749 881 sit,
780 796 841 883 nist
863 810 954 900 quod
970 826 1031 902 pro
1053 821 1150 899 captu
1174 806 1282 898 gentis
1299 798 1452 874 Hebtaeae
1470 798 1640 896 aliquanto
1667 795 1709 872 lit
1725 802 1850 888 dariam

488 909 646 999 cujusque
661 904 916 999 comparationes
933 903 1052 1002 Capite
1068 923 1120 974 ιν.
1154 897 1297 973 conferri
1316 919 1503 973 mereantur
1522 923 1600 972 eum
1614 902 1657 971 iia
1679 922 1756 998 quae
1770 907 1851 1003 Pep-

429 1028 432 1034 ·
485 1006 587 1098 pleno
601 999 748 1075 attribuit
763 1004 895 1074 Ouidius
911 1000 1188 1101 Metamarpleseon
1211 1018 1290 1074 ιιιιι.
1324 1004 1421 1098 Piget
1437 998 1534 1098 plora
1549 996 1691 1075 referre.
1746 1003 1850 1099 Atque

486 1103 556 1175 baec
569 1100 636 1200 ipsa
655 1100 781 1175 fortasse
798 1105 902 1173 nimia
920 1098 1007 1175 sunt.
1080 1104 1143 1173 Sed
1157 1100 1392 1173 ostendendum
1412 1098 1494 1189 soit,
1519 1097 1681 1196 quorsum
1708 1101 1848 1200 prolaba-

486 1228 573 1292 mur,
601 1200 624 1272 sr
643 1204 676 1272 id
692 1200 789 1273 semel
805 1205 925 1273 Ratinni
942 1200 1042 1275 fuerit
1062 1196 1255 1280 conceilbm,
1279 1221 1317 1275 ut
1331 1225 1371 1271 ex
1387 1197 1450 1272 soie
1465 1202 1687 1273 Axionaribus
1702 1205 1747 1274 de
1757 1202 1844 1291 [ana-

483 1328 553 1376 rum
567 1305 735 1375 ῡιιιιιιιιιιι
750 1305 928 1374 Divinitaete
940 1323 1041 1400 atque
1058 1301 1240 1372 aconiaca
1254 1301 1462 1374 determinet.

601 1408 714 1476 XXV.
747 1406 884 1483 Verum,
907 1405 1048 1500 inquiat,
1067 1402 1155 1474 unde
1173 1401 1304 1474 tandem
1317 1401 1515 1472 Reveleticnis
1530 1399 1697 1473 Divittitee
1717 1402 1846 1476 adsitne·

486 1522 560 1586 tur,
586 1500 608 1574 fi
628 1527 695 1574 nun
711 1525 751 1574 ex
767 1502 907 1575 Rationis
917 1503 1095 1595 principiis?
1128 1500 1276 1598 Oportet
1295 1505 1385 1573 enim
1407 1524 1480 1572 eam
1501 1497 1711 1598 manifestam
1730 1500 1799 1575 lieri
1813 1504 1848 1573 ad

482 1601 725 1677 conscientiam.
779 1605 865 1681 Hic,
880 1604 1005 1674 ordinis
1025 1602 1046 1674 b
1063 1626 1116 1673 me
1133 1603 1167 1672 in
1178 1597 1396 1699 superioribus
1423 1596 1518 1772 posti
1535 1623 1685 1683 memor,
1714 1606 1849 1701 primum

486 1707 528 1775 de
546 1728 585 1773 ea
600 1703 789 1774 devolutione
805 1701 1008 1799 respondebo
1028 1727 1102 1798 quae
1125 1698 1340 1800 singularibus
1364 1705 1422 1797 qui
1448 1701 1562 1773 undam
1578 1703 1648 1772 Dei
1669 1707 1783 1776 amicit
1800 1707 1848 1773 int·

370 1883 375 1892 ,
485 1806 609 1875 mediare
625 1804 776 1900 contigit.
826 1804 872 1872 Ea
885 1798 1060 1874 indubium
1074 1803 1120 1873 eil
1136 1807 1220 1896 quin
1238 1800 1317 1891 exse
1335 1804 1413 1893 ipsa,
1439 1808 1474 1873 dt
1490 1800 1695 1896 perseipsam
1707 1799 1848 1904 cognosti

486 1905 654 2003 potuerit:
689 1897 780 1974 sicuti
796 1898 843 1973 sol
856 1897 914 1973 suo
929 1898 1056 1975 lumine
1073 1904 1231 1976 cernitur.
1290 1903 1398 1974 Tanta
1410 1901 1503 1972 enim
1517 1902 1639 1973 Divini
1653 1900 1789 1977 luminis
1802 1925 1848 1974 oo·

487 2005 555 2102 pia,
577 2024 684 2076 tantus
699 1997 795 2073 sacrae
807 2001 980 2098 majestatie
995 1998 1145 2101 splendor
1162 1999 1276 2083 adsuit,
1301 2021 1390 2074 tanta
1406 2003 1453 2075 tis
1468 2022 1585 2074 onmes
1599 2003 1775 2078 interiore
1789 2005 1849 2074 ani-

483 2108 545 2184 mi.
568 2123 604 2177 ut
619 2106 664 2176 ita
682 2105 802 2190 dimm,
817 2121 922 2200 parter
938 2121 1123 2199 penetrans,
1149 2105 1359 2183 convincens,
1387 2101 1481 2175 &ad
1502 2096 1570 2173 sese
1586 2109 1732 2203 rapient,
1745 2125 1847 2177 utnon

986 2204 1042 2271 uin
1063 2206 1172 2272 Deum
1192 2198 1248 2270 fibi
1264 2200 1454 2296 loquentem
1472 2201 1640 2283 audirent,
1665 2205 1848 2374 quamnpuie

1804 2325 1848 2376 rot

489 2206 595 2302 magis
611 2200 760 2275 dubitare
778 2204 944 2299 potuerint

488 2325 578 2375 mera
593 2305 730 2375 meridie
750 2225 1046 2400 fulgidiffimaluce
1071 2297 1283 2374 circumfusus
1309 2299 1460 2373 dubitate
1477 2301 1583 2399 potest
1603 2301 1639 2375 se
1661 2301 1730 2380 solo
1807 2306 1813 2318 '

487 2404 611 2476 videre.
661 2403 702 2475 ln
717 2399 813 2472 rebus
832 2398 1033 2473 naturalibus
1047 2403 1081 2472 id
1100 2403 1190 2499 quod
1216 2396 1272 2472 sua
1286 2402 1451 2474 evidentia
1466 2405 1571 2474 menti
1591 2399 1627 2475 se
1650 2409 1786 2507 ingerit,
1811 2407 1850 2476 ita

484 2506 632 2576 animum
648 2502 689 2574 ad
707 2496 863 2573 assensum
879 2503 988 2600 cogit,
1012 2524 1134 2574 utnon
1196 2497 1249 2573 ffit
1263 2525 1331 2574 nnn
1345 2499 1514 2581 assentiri,
1550 2507 1850 2600 quantumvianita·

485 2622 539 2674 tur
555 2607 591 2673 in
611 2603 830 2675 contrarium:
854 2607 946 2697 cujus
967 2605 1015 2674 rei
1031 2599 1120 2672 nulla
1136 2526 1270 2674 ulierior
1286 2604 1369 2674 ratio
1385 2601 1455 2672 dati
1471 2603 1594 2700 poteli,
1613 2605 1675 2677 nifi
1690 2603 1759 2706 ipsa
1772 2607 1849 2679 veri·

486 2705 559 2772 tatis
573 2704 748 2775 evidentia.
801 2702 894 2798 Quid
907 2704 999 2773 enim
1015 2702 1061 2773 eli
1073 2725 1132 2774 cur
1148 2706 1230 2774 certi
1245 2697 1361 2792 fimus,
1385 2703 1460 2772 itinn
1481 2723 1539 2772 ιιοιι
1552 2704 1627 2796 paffe
1635 2705 1733 2798 ,inl
1747 2705 1796 2796 effe
1815 2707 1849 2784 d

485 2823 545 2870 non
563 2801 623 2886 effe,
648 2818 742 2869 totam
756 2800 806 2884 effe
824 2801 924 2892 majus
932 2798 993 2886 fita
1003 2819 1100 2892 parte,
1125 2801 1168 2869 bis
1184 2803 1240 2871 auo
1255 2801 1305 2890 effe
1327 2819 1483 2893 quatem
1508 2798 1569 2872 nis
1585 2811 1663 2902 quia
1677 2803 1733 2876 illa
1745 2829 1805 2905 per
1821 2801 1849 2878 se

485 2918 551 2969 tam
568 2894 641 2968 sunt
658 2895 793 2993 liquida,
819 2917 855 2968 ut
875 2895 974 2968 ullam
994 2896 1221 2997 probationem
1244 2926 1311 2972 nou
1325 2904 1513 2998 requirant,
1537 2905 1600 2974 imo
1617 2928 1659 2973 ne
1673 2906 1849 2978 admittant

483 3000 631 3093 quidem,
664 3020 769 3093 quum
784 2993 869 3066 nihil
893 3000 997 3094 magia
1014 2997 1178 3093 liquidum
1199 2998 1338 3098 proferri
1353 2997 1460 3099 possit.
1515 3003 1630 3074 Eodem
1646 3004 1743 3076 modo
1756 3025 1846 3075 tanta

483 3099 674 3170 Divinitatis
695 3095 768 3168 luce
787 3095 1001 3170 revelationes
1021 3098 1086 3169 istae
1103 3102 1234 3197 piorum
1254 3124 1379 3173 mentes
1397 3097 1692 3184 circumfusarum,
1715 3109 1782 3196 iet,
1802 3109 1843 3182 ab

483 3208 671 3290 noepnpimo
696 3207 736 3266 a?
759 3203 842 3275 itta,
868 3197 949 3269 Act.
965 3214 1069 3271 xxvi,
1094 3223 1106 3271 ι
1114 3221 1148 3284 3.
1183 3221 1219 3272 ut
1235 3224 1301 3271 non
1321 3205 1429 3273 minus
1452 3202 1517 3299 piis
1539 3198 1620 3302 pers
1636 3207 1747 3278 ictntm
1766 3203 1848 3294 esset,

482 3324 537 3371 aas
554 3298 572 3367 d
591 3296 664 3368 Deo
689 3293 871 3394 proficisci,
894 3318 995 3396 quam
1014 3294 1183 3395 perspicua
1199 3298 1294 3372 nobis
1310 3295 1383 3373 sont
1398 3323 1437 3372 ea
1452 3324 1529 3397 quae
1545 3231 1717 3378 retulimus
1732 3301 1849 3380 notiffi·

483 3421 546 3467 mae
567 3399 711 3469 veritatis
727 3398 896 3467 axiomata.
948 3396 1060 3494 Atque
1077 3396 1155 3470 binc
1172 3398 1295 3473 sadium
1316 3399 1362 3472 eit
1382 3421 1418 3472 ut
1441 3423 1494 3472 eas
1514 3425 1594 3475 mox
1612 3411 1797 3506 receperint
1819 3402 1850 3477 fi·

482 3517 526 3565 ne
540 3498 634 3569 anxio
654 3499 824 3575 examine,
851 3490 917 3565 stne
930 3491 1125 3570 hesitatione
1140 3498 1225 3579 ulla,
1257 3496 1324 3571 sine
1344 3502 1546 3598 deceptionis
1562 3527 1666 3579 metu.
1717 3509 1800 3582 Non
1817 3530 1848 3579 ex

484 3598 612 3766 rapione
629 3600 759 3692 otique,
783 3593 838 3665 sed
855 3594 1023 3666 inevitabili
1036 3598 1335 3691 Divinitarissenfic:
1361 3623 1462 3698 quem
1478 3624 1648 3702 exponere
1666 3631 1736 3679 non
1747 3607 1847 3709 potest,

478 3718 539 3766 ιιιι
579 3719 666 3770 mex
690 3716 790 3772 ectus.

554 3722 577 3793 q
595 3721 731 3868 XXlll.
764 3797 859 3869 ldem
877 3796 1115 3896 propemodum
1134 3798 1341 3875 statuendum
1359 3800 1401 3873 de
1419 3826 1458 3875 ea
1476 3808 1673 3900 revelatione,
1698 3833 1791 3912 qut,
1802 3806 1845 3900 le

475 3892 656 3963 trisonem
679 3898 897 3988 comprehensa,
939 3921 1027 3968 nunc
1053 3899 1133 3969 nobis
1164 3923 1225 3998 pro
1243 3898 1320 3974 fidei
1351 3901 1465 3976 nostrae
1490 3902 1627 3995 obiedlo
1648 3914 1848 4011 proponitur.

477 3992 768 4086 Quemadmodum
785 4001 878 4071 Deus
894 3999 999 4070 ceteris
1021 3998 1153 4092 operibus
1174 3998 1237 4073 suis
1255 4026 1292 4072 ea
1302 4004 1573 4102 incomparabilis
1595 4006 1781 4110 sapientia,

477 4091 600 4168 tentiae,
625 4087 779 4168 bonitatis
791 4117 1047 4193 caeterarumque
1063 4101 1221 4171 virtutum
1237 4096 1366 4175 suarum
1386 4103 1506 4177 indicia
1526 4108 1715 4207 imprellit,
1742 4033 1848 4212 quim

475 4192 540 4263 Dei
556 4209 643 4284 opera
665 4189 727 4258 elle
741 4193 1002 4295 cognoscuntuc3
1029 4200 1073 4268 ita
1092 4206 1128 4273 dt
1145 4202 1181 4270 in
1200 4203 1361 4295 Scriptaris
1377 4206 1478 4273 sacro
1494 4206 1619 4281 exstare
1644 4211 1756 4287 voluit
1777 4213 1848 4284 inde·

472 4288 570 4360 litata
589 4288 774 4363 Divinitaris
798 4297 861 4369 sue
885 4315 1069 4391 argumenta.
1144 4304 1327 4402 Quumque
1353 4304 1466 4375 audior
1487 4302 1657 4383 luminum
1681 4316 1846 4409 omniaque

471 4384 636 4488 sapientiae
649 4386 855 4471 inexhausiut
869 4392 942 4472 fons
969 4393 1028 4480 iit,
1059 4402 1096 4474 'm
1111 4395 1235 4480 librum
1257 4423 1359 4499 quem
1382 4397 1452 4502 ipse
1477 4409 1687 4489 nuendum
1717 4415 1842 4494 mraxit,

833 4531 890 4602 §-
1802 4531 1845 4586 aar
