4667 5442
586 523 689 630 290
813 507 1530 605 Exanorrarto
1598 501 1802 600 ΧΠ.

585 664 737 738 nendum
755 667 859 738 etiam
882 666 1168 741 commentarium
1187 661 1231 736 de
1255 661 1360 737 clavis
1380 662 1551 754 adjunxit.
1602 661 1702 736 Aliis
1721 656 1868 760 placuit
1885 659 1946 737 exi·

585 760 710 835 liorem
730 759 814 836 hanc
839 759 1009 836 Ambrosii
1022 762 1249 835 narrationem
1269 760 1426 835 miraculi
1487 763 1560 833 oria
1576 760 1750 835 animare.
1811 758 1944 853 Μαι

586 881 698 957 ergo,
731 856 911 932 Ambrosio
925 860 1036 1029 paulo
1054 860 1197 951 junior,
1223 882 1350 957 aegram
1373 859 1535 1026 pro-(psit
1557 903 1569 941 ,
1607 856 1830 968 Dominicae
1843 880 1942 1027 ciffi

584 958 1113 1137 sllslsl‘fpllzfflsls
1133 955 1336 1127 llllll
1353 979 1450 1123 sill
1460 974 1942 1163 ,siaiil‘irl‘clnl'i'im

587 1147 705 1221 culum
725 1148 798 1222 fore
816 1146 928 1223 visum
945 1150 1016 1232 est,
1044 1145 1068 1221 fi
1091 1172 1232 1223 mortuo
1245 1151 1316 1221 vita
1332 1173 1438 1245 quam
1456 1142 1594 1245 sraegrae
1614 1146 1786 1219 valentia
1805 1145 1943 1220 reslrtua·

585 1262 654 1318 tur.
709 1246 803 1318 Hinc
819 1246 960 1319 cadaver
979 1251 1070 1319 cruci
1089 1247 1294 1325 admotum,
1322 1242 1422 1341 quod
1439 1244 1512 1316 vita
1528 1265 1667 1340 recepta
1687 1267 1788 1316 mox
1801 1245 1843 1316 in
1855 1243 1942 1342 pede

586 1331 741 1414 surrexit.
789 1341 1065 1415 Sollicitudinem
1083 1336 1220 1415 sortasse
1245 1366 1316 1413 tam
1339 1331 1468 1411 discors
1481 1340 1603 1433 Ruffini
1616 1342 1656 1412 δι
1673 1338 1828 1412 Pauline·
1850 1363 1942 1414 nana·

587 1437 641 1509 tio
661 1432 863 1534 scrupulosis
880 1441 1023 1512 incutiat
1039 1441 1184 1511 animis:
1212 1434 1270 1509 sed
1289 1440 1507 1533 Nicephorum
1523 1460 1613 1507 nunc
1623 1436 1740 1516 vide,
1772 1438 1847 1536 qui
1865 1440 1941 1535 inga-

589 1529 686 1604 niose
705 1579 716 1615 ,
745 1537 781 1605 &
799 1535 902 1631 plane
922 1561 966 1608 ex
984 1537 1182 1607 Graecanica
1199 1530 1357 1615 solertia,
1384 1531 1620 1607 difficultatem
1641 1556 1808 1606 omnem
1820 1534 1937 1613 eximi,

587 1650 776 1727 utrumque
795 1630 1012 1704 admittendo
1026 1630 1241 1703 miraculum.
1292 1638 1344 1702 lta
1365 1628 1544 1726 paullatim
1564 1627 1730 1701 instrum
1750 1625 1937 1711 sibellatl,

586 1750 694 1822 qnam
709 1728 767 1797 alii
789 1750 915 1824 magno
928 1722 1001 1799 nisu
1012 1727 1249 1806 tradiderunt,
1276 1725 1467 1799 identidem
1481 1724 1601 1797 fastam
1619 1726 1839 1799 auctionem
1860 1753 1872 1801 t
1893 1724 1938 1798 do

589 1846 653 1894 nec
674 1818 812 1895 Gelasio
825 1831 925 1921 Papae
944 1845 1155 1921 oportunum
1177 1818 1288 1896 visum
1307 1823 1352 1894 est
1372 1819 1523 1921 fingendi
1546 1819 1691 1894 librdrnr
1715 1818 1938 1896 fibulamiru·

589 1942 732 2085 propere.
781 1921 849 2087 Ssed
867 1921 1003 2033 nullum
1021 1920 1173 1992 validius
1199 1941 1440 2087 argunpentum
1459 1943 1508 2030 ἐς
1526 1915 1606 1998 est,
1633 1918 1745 2015 quod
1766 1919 1818 1992 ab
1833 1915 1938 2006 udi

591 2014 1728 2224 lliaeulmssuplisddiilisll·colissecttrlllredie’vlilelislngdlillinirllcdotsplr
1746 2115 1791 2186 &
1816 2039 1940 2188 ald:

590 2233 652 2307 per
679 2234 757 2282 uam
783 2209 981 2293 familiaris,
1008 2235 1081 2285 rem
1098 2234 1252 2293 tantam,
1279 2205 1303 2282 sr
1327 2208 1417 2306 gella
1441 2205 1518 2290 est,
1545 2231 1707 2307 ignorare
1731 2235 1813 2284 non
1832 2211 1938 2312 potui·

591 2307 627 2380 Si
653 2233 816 2390 scivisset,
843 2304 867 2378 sr
885 2309 940 2382 vel
955 2310 1069 2381 tenuis
1092 2309 1189 2381 illius
1210 2332 1290 2380 aura
1304 2307 1348 2379 ad
1369 2330 1467 2378 aures
1486 2306 1560 2396 ejus
1571 2301 1705 2403 dilapsa
1731 2305 1880 2389 fuisset,
1900 2307 1939 2380 in·

591 2401 717 2475 dinam
737 2405 906 2502 praeterire
924 2430 993 2478 non
1015 2405 1158 2490 debuit,
1185 2429 1254 2477 non
1273 2404 1389 2502 potuit
1408 2404 1541 2485 etiam,
1568 2425 1684 2500 quum
1702 2423 1788 2479 tam
1808 2425 1939 2482 aecum

590 2499 625 2572 in
645 2499 759 2574 literas
779 2501 971 2600 digereret,
998 2525 1217 2600 quaecunque
1232 2526 1252 2573 a
1270 2499 1495 2573 Constantino
1513 2502 1550 2573 ὃ(
1571 2497 1712 2573 Helena
1732 2502 1777 2576 in
1787 2496 1939 2578 terrase-

592 2601 674 2679 sla,
701 2600 735 2670 in
757 2598 844 2673 locis
866 2600 1092 2680 Natiuitatis,
1120 2597 1303 2679 Paffionis,
1331 2596 1572 2693 &Sepulturae
1588 2592 1750 2681 Christi,
1773 2597 1939 2769 ¹pellusiu-

592 2716 651 2773 re,
678 2689 849 2789 nusquam
869 2694 904 2766 in
927 2694 1089 2767 laudibus
1111 2693 1275 2792 Augustae
1309 2713 1443 2790 parcus.
1492 2694 1527 2765 Si
1553 2690 1625 2765 ulla
1648 2717 1742 2778 res,
1800 2723 1851 2770 ει
1869 2703 1942 2770 cem

593 2790 770 2899 quantivis
790 2813 861 2861 erat
873 2791 999 2956 pretii,
1027 2815 1088 2863 nec
1104 2790 1181 2863 ullo
1203 2792 1311 2861 modo
1322 2789 1612 2886 praetermittcnda
1629 2791 1940 2894 accuratoscripta·

593 2909 652 2966 rr,
676 2905 715 2955 ut
735 2883 799 2956 suit
818 2890 869 2956 Eu
886 2886 998 2957 obius.
1049 2888 1203 2963 Unicum
1220 2885 1287 2958 hoc
1307 2889 1349 2958 ab
1371 2882 1505 2958 Eusebii
1529 2881 1665 2958 silentio
1688 2911 1937 2988 argumentur

593 2980 630 3052 in
654 3005 690 3052 re
708 3001 780 3053 tam
801 2981 942 3063 nobili,
969 3003 1040 3054 tam
1061 2983 1238 3065 notabili,
1267 2983 1326 3054 ubi
1347 3006 1418 3056 tarn
1428 2979 1615 3055 commoda
1629 2988 1805 3062 narrandi
1817 3007 1940 3086 opatu·

593 3078 706 3159 nitas,
735 3100 806 3149 tam
828 3102 953 3178 urgens
982 3080 1154 3153 necessitas
1176 3126 1188 3162 ,
1214 3080 1259 3153 ad
1276 3076 1540 3179 displodendam
1558 3076 1764 3158 universam
1793 3079 1937 3160 illamrh

593 3175 701 3250 erucis
721 3175 922 3248 inventione
942 3178 1171 3249 narrationem
1192 3176 1327 3250 abunde
1346 3173 1479 3250 sufficit.
1530 3182 1605 3249 Nec
1618 3178 1766 3254 invenit
1787 3179 1885 3281 quod

593 3269 1239 3462 ll”‘¹‘lll·lll⁰lllnl{lllll
1254 3273 1938 3467 llllllll¹¹⁰l0lllltll¹l⁶m

644 3421 656 3445 ο
1476 3416 1488 3452 t

593 3468 671 3548 riti,
695 3487 847 3539 attamen
868 3467 904 3538 in
923 3466 1074 3539 clironico
1092 3463 1234 3556 Eusebii.
1285 3472 1340 3539 Ex
1357 3490 1430 3564 quo
1450 3471 1492 3539 ad
1508 3474 1634 3541 Annum
1655 3470 1936 3554 Consimitrim·

594 3559 668 3634 haec
685 3559 789 3634 verba
805 3562 948 3657 profert.
973 3562 1098 3635 Helena
1118 3561 1314 3646 Constantini
1330 3572 1466 3646 Mater,
1490 3567 1607 3638 divinia
1623 3565 1937 3662 monitavilid!

594 3652 798 3754 hammum
821 3662 920 3730 eructi
956 3661 963 3677 ⁰
1060 3661 1130 3739 ‚in
1143 3683 1205 3755 quo
1222 3666 1329 3733 mundi
1347 3659 1436 3748 salua
1449 3663 1625 3758 pependit,
1660 3671 1757 3761 apud
1778 3665 1936 3762 Intres*

594 3755 824 3847 mamreperit.
872 3754 939 3827 Sed
981 3778 1029 3826 aec
1056 3754 1111 3826 vel
1132 3755 1223 3826 sraus
1244 3757 1290 3829 est
1309 3758 1510 3830 Bellarmini
1524 3806 1535 3839 ,
1562 3757 1619 3829 vel
1647 3785 1755 3835 mera
1776 3761 1934 3864 supinin

593 3855 688 3926 Nam
710 3871 824 3947 neque
857 3852 892 3922 in
924 3854 1049 3923 Graeco
1071 3847 1252 3924 Eusebiani
1288 3853 1453 3927 Chronici
1482 3876 1580 3927 textu
1605 3853 1741 3933 horum
1770 3863 1935 3936 verbm

593 3948 783 4045 quicquam
796 3947 988 4029 invenitur,
1015 3971 1150 4045 neque,
1179 3950 1338 4046 ,scaligero
1354 3951 1457 4034 teste,
1485 3955 1559 4023 &S
1574 3958 1790 4030 Marianon
1806 3960 1937 4032 abnuet·

595 4063 651 4123 te,
679 4046 715 4114 in
735 4042 811 4114 ullo
828 4038 1030 4140 scriptorum
1048 4046 1209 4118 codicum
1225 4049 1443 4121 Latinorum.
1495 4056 1533 4145 lp
1550 4072 1638 4143 eque
1661 4057 1835 4128 Batoniae
1851 4047 1933 4130 Eust-

594 4138 644 4212 bii
666 4138 879 4212 chronicum
893 4164 912 4210 a
927 4138 1073 4213 librariis
1096 4142 1287 4215 admodum
1305 4143 1612 4244 depravatumpell'e
1636 4147 1790 4226 fatetur.
1841 4157 1935 4226 Etr!

596 4231 668 4334 ipsa
687 4235 743 4307 hic
763 4234 898 4308 clamat.
947 4242 1032 4311 Non
1050 4241 1143 4313 enim
1165 4244 1273 4314 crucis
1293 4243 1448 4314 inventio
1468 4289 1481 4324 ,
1508 4237 1691 4316 srinventa
1711 4245 1796 4333 est,
1822 4250 1867 4324 ad
1880 4253 1934 4324 An·

595 4355 680 4405 num
695 4330 908 4405 Constantini
928 4359 1013 4409 xvt.
1029 4332 1087 4409 sed
1099 4362 1187 4415 xxi.
1203 4340 1265 4436 qui
1279 4340 1398 4411 incidit
1410 4339 1446 4411 in
1459 4343 1597 4411 Annum
1610 4339 1749 4416 Christi
1760 4365 1932 4422 coemi·

594 4428 770 4506 reserenda
797 4426 857 4506 eu.
907 4436 989 4507 Hoc
1023 4457 1108 4536 ergo
1129 4434 1405 4511 additamentum
1434 4459 1457 4509 a
1484 4435 1577 4514 mala
1602 4435 1652 4512 est
1669 4441 1712 4514 δι
1735 4437 1815 4520 sera
1840 4459 1932 4518 mant

1666 4593 1671 4604 ·
1815 4541 1933 4618 eadm
