4667 5442
387 351 463 420 es·
561 373 565 384 ·

363 439 365 444 Ι
515 499 592 592 Dr
628 477 825 594 Evru'e.
861 501 918 592 Iu
955 481 1445 599 Aristomenis.
1585 521 1678 627 341

337 653 474 736 millum
497 659 557 737 nist
576 666 618 736 ad
634 690 710 739 oves
725 667 868 760 perditas
887 667 994 737 domus
1015 664 1164 756 Israeli,
1197 687 1295 763 neque
1315 663 1427 738 bonum
1444 660 1502 757 effe
1523 683 1560 738 ut
1580 667 1680 735 inter-

337 776 490 830 vertatur
509 765 598 855 panis
609 760 806 842 liberorrnn,
833 756 1001 852 objiciatur
1024 786 1061 833 ue
1076 761 1200 834 coenis.
1221 765 1310 835 Mat.
1322 785 1391 834 xv:
1406 783 1475 856 24,
1495 764 1554 834 26.
1607 765 1681 831 Ve-

337 875 417 926 rum
434 875 524 927 nunc
536 871 631 953 perta
639 858 795 955 gentium
814 855 972 928 omnium
992 781 1119 937 salute,
1147 851 1374 955 suscitatoque
1398 882 1442 930 ex
1457 857 1601 930 mortuis
1618 860 1679 955 Je-

336 943 399 1031 su,
427 949 504 1021 aliis
520 951 704 1025 instnrendi
725 951 894 1026 mandatis
906 950 1065 1049 Apostoli
1077 973 1183 1026 erant.
1235 960 1356 1050 ltaque
1366 947 1500 1025 sublato
1510 947 1678 1025 discrimi-

336 1067 404 1125 ne,
431 1061 551 1143 gentes
568 1046 722 1120 Christus
742 1048 872 1160 Judaeis
896 1069 1029 1145 aequat,
1057 1050 1095 1120 &
1121 1044 1285 1144 utrosque
1308 1043 1499 1146 promiscue
1518 1049 1554 1119 in
1576 1046 1682 1118 socie·

336 1161 444 1212 tetem
460 1141 597 1216 foederis
616 1145 768 1216 admittit
787 1170 796 1214 ε
823 1145 933 1218 diruta
946 1144 1089 1215 maceria
1098 1144 1275 1240 Evangelii
1289 1141 1457 1216 ministros
1471 1143 1592 1239 procul
1607 1144 1682 1214 exi·

337 1261 376 1308 re
394 1233 515 1327 jubet,
543 1239 585 1308 ad
608 1235 828 1336 spargendam
845 1264 903 1335 per
923 1251 1042 1311 omnes
1066 1240 1186 1312 mundi
1203 1239 1321 1337 plagas
1339 1235 1456 1310 salutis
1474 1240 1676 1312 dodrinam.

339 1336 390 1404 Ea
409 1333 626 1429 amplitudo,
655 1332 676 1405 st
699 1359 776 1407 cum
799 1330 982 1432 antegressa
1001 1334 1205 1408 'restrictione
1218 1355 1451 1430 comparetur,
1478 1356 1571 1410 tanta
1592 1359 1677 1431 pro·
1729 1345 1732 1350 ’

337 1427 428 1500 sesto
449 1428 526 1520 est,
555 1452 593 1501 ut
615 1431 683 1526 viu¹
705 1426 782 1501 satis
806 1427 983 1528 magnifica
1001 1425 1155 1503 oratione
1187 1431 1362 1528 praedicari
1381 1423 1474 1525 polle
1500 1429 1679 1515 videatur,

340 1519 471 1597 etiamsr
488 1524 629 1599 fortassis
648 1525 794 1598 necdum
814 1551 935 1600 omnes
958 1523 1025 1598 fine
1052 1526 1122 1599 ulla
1144 1529 1345 1622 ericeprione
1371 1525 1492 1596 mundi
1518 1528 1677 1624 regiones

338 1623 458 1692 animo
479 1623 726 1720 compledaris
777 1623 922 1694 Talibus
937 1624 1028 1696 enim
1042 1622 1276 1695 locutionibus
1286 1613 1462 1715 §pugnanda
1474 1618 1678 1717 frequentis-

338 1712 429 1787 srme·
443 1711 570 1790 subelle
585 1721 619 1791 in
640 1718 663 1790 li
694 1719 773 1793 uida
793 1719 899 1792 modo
920 1741 1090 1815 ponemus
1109 1717 1198 1790 luce.
1249 1723 1389 1816 Ecquis
1409 1719 1532 1816 estqui
1550 1717 1677 1815 hyper-

337 1810 460 1886 bolem
472 1840 550 1886 non
573 1744 731 1911 agnoscat
751 1820 1029 1903 Marc.xvr:15.
1080 1818 1255 1887 eradicare
1273 1818 1480 1910 Evangeliam
1497 1816 1679 1887 omnicrea-

335 1906 450 1980 turae3
489 1934 594 2006 quam
633 1914 668 1983 nl
702 1908 837 1984 morose
878 1912 981 1982 nimis
1013 1932 1131 2008 urgeat
1168 1910 1335 2004 §oannes
1374 1913 1559 1992 Gerbardi,
1596 1935 1680 1982 con·

334 2002 370 2077 se
399 2023 497 2077 uetur
521 2005 706 2102 Apostolos
730 2007 902 2104 obligatos
923 2000 1045 2086 fuisse,
1074 2007 1236 2082 omnibus
1256 2032 1325 2080 non
1343 2003 1455 2079 solum
1468 2005 1677 2089 nationibus,

335 2030 397 2174 sed
414 2102 450 2172 &
467 2096 661 2198 singulatim
684 2106 844 2174 omnibus
866 2103 1089 2190 hominibus,
1116 2107 1318 2176 annunciare
1336 2103 1479 2176 verbum
1497 2104 1626 2198 gratiae.

435 2202 484 2272 Χ.
512 2201 686 2282 Caeterum
704 2201 741 2270 &
761 2200 848 2271 illud
877 2192 1129 2296 obsenrandum
1150 2246 1161 2281 ,
1200 2202 1246 2271 ita
1264 2199 1336 2273 haec
1354 2199 1529 2298 Apostolis
1543 2194 1605 2269 elle
1622 2197 1722 2289 di-x,
1735 2222 1835 2305 Qpp.

337 2299 420 2375 Cia,
447 2317 487 2367 ut
505 2295 547 2366 ad
569 2317 689 2380 eorum
712 2320 854 2393 quoque
875 2298 910 2367 in
936 2296 1118 2392 'Evangelii
1146 2296 1387 2392 praedicatione
1409 2291 1606 2369 successores
1622 2320 1742 2377 sequa
1761 2303 1797 2355 ad
1810 2319 1854 2353 eo·

336 2391 477 2465 ferenda
493 2386 582 2464 srnt:
610 2416 759 2489 quorum
779 2393 904 2463 intuitu
922 2393 1099 2490 pollicitus
1122 2394 1167 2466 est
1186 2390 1312 2489 Jesus,
1341 2392 1376 2482 se
1397 2392 1506 2482 izscum
1516 2388 1590 2483 fiere
1611 2378 1836 2466 ουκ-*ΜΨ*

332 2485 545 2562 nibuaanbus
565 2488 659 2584 usefrea
676 2496 716 2559 ad
726 2488 1013 2577 consummationem
1023 2488 1128 2571 seculi.
1178 2490 1355 2586 Apostolis
1367 2513 1449 2587 ergo
1466 2492 1550 2562 ranti
1565 2448 1827 2602 operisssfflss
1881 2521 1885 2528 ·

331 2585 557 2658 fundamenta
578 2585 730 2672 jacienda
749 2607 867 2667 erant,
897 2584 1025 2680 quibus
1054 2584 1111 2655 alii
1137 2584 1390 2661 inaedificarent.
1441 2585 1759 2684 Quamobremsum,

332 2707 474 2754 morem
494 2683 649 2752 Domino
671 2681 870 2753 exauiffime
886 2675 1012 2778 gessisse
1036 2678 1192 2754 censendi
1213 2679 1290 2756 sunt
1310 2730 1320 2764 ‚
1350 2680 1512 2779 srquanta
1526 2678 1597 2752 fieri
1610 2708 1678 2779 po·

330 2780 403 2851 tuit
414 2777 585 2850 alacritate
604 2779 723 2875 ingens
740 2777 827 2849 illud
840 2776 981 2849 stadium
995 2776 1149 2874 ingressi,
1178 2775 1358 2877 quousque
1370 2779 1436 2854 fate
1447 2774 1571 2861 srverc,
1598 2804 1678 2875 per·

334 2877 515 2950 rexerint:
552 2899 632 2971 quae
652 2873 817 2945 restabant
839 2875 915 2946 aliis
934 2873 1159 2969 percurrenda
1185 2880 1467 2949 committentes..

433 2975 499 3043 Xl.
528 2972 688 3067 Denique
710 2971 898 3043 notandum
923 2970 970 3042 est
983 3016 994 3051 ,
1030 2968 1217 3066 Apostolos
1239 2998 1308 3044 non
1331 2975 1409 3044 viva
1436 2968 1550 3045 solum
1574 2995 1674 3056 voce,
1685 2994 1722 3055 x.
1742 2987 1854 3066 &Apo-

332 3063 394 3141 sed
412 3070 449 3140 δι
469 3064 600 3165 scriptis
617 3060 765 3138 docuisse
786 3093 797 3152 3
829 3089 934 3164 atque
959 3069 1006 3138 ita
1029 3068 1219 3141 etiamnum
1237 3069 1390 3151 docere,
1419 3072 1456 3142 &
1484 3094 1588 3166 porro
1611 3064 1855 3154 do-lldism‘r'l‘,

332 3168 449 3238 &uros
468 3165 512 3235 ad
526 3162 743 3235 novissimum
762 3164 866 3236 diem.
918 3169 1142 3259 Quaecunque
1157 3166 1274 3259 itaque
1291 3188 1409 3261 gentes
1427 3189 1488 3261 per
1504 3161 1676 3261 quoscun-

333 3286 406 3359 que
427 3261 606 3358 Evangelii
628 3258 798 3331 ministros
833 3259 878 3329 ad
895 3257 1069 3330 Christum
1095 3258 1250 3329 addudae
1272 3258 1378 3341 sunt,
1408 3286 1456 3331 eae
1475 3264 1508 3329 in
1529 3256 1818 3389 dis‘lPu·vtffim

330 3357 445 3432 latum
471 3354 719 3457 Apostolorum
749 3349 965 3435 concessere,
1004 3375 1135 3446 eosque
1159 3375 1199 3423 ut
1219 3356 1388 3451 principes
1413 3354 1490 3451 post
1507 3354 1768 3433 Christumdmu.

330 3452 512 3553 magistros
531 3473 745 3527 venerantur.
796 3456 849 3523 Ex
868 3450 996 3548 quibus
1043 3445 1232 3545 erspicuum
1256 3447 1317 3520 elle
1340 3450 1512 3531 arbitror,
1548 3477 1585 3522 ea
1602 3457 1680 3522 Do-

329 3551 420 3624 mini
440 3551 486 3622 ad
507 3547 694 3649 Apostolos
706 3548 865 3619 mandata
883 3572 954 3619 non
973 3473 1096 3618 inllrre
1121 3543 1433 3620 universaliffimam
1454 3544 1552 3620 istam
1566 3554 1681 3621 Evan-

329 3645 416 3747 gelii
436 3671 498 3745 per
518 3670 638 3721 omncs
652 3645 795 3717 omnino
810 3667 931 3744 gentes
951 3640 1232 3742 praedicationem
1247 3647 1288 3715 ab
1304 3638 1383 3742 ipsrs
1402 3641 1579 3743 Apostolis
1599 3670 1680 3744 per·

431 3843 515 3913 XII.
543 3837 652 3929 Quod
682 3837 888 3911 manifestius
919 3835 1071 3919 evadet,
1107 3830 1131 3907 sr
1159 3839 1441 3922 attenderimus,
1468 3862 1542 3936 quo
1569 3838 1752 3913 modoxll.
1771 3849 1823 3929 Μ

329 3935 491 4036 Apostoli
512 3958 663 4007 mentem
682 3937 827 4008 Domini
847 3934 1078 4008 intellexerint
1098 3980 1110 4017 ,
1138 3936 1175 4006 δι
1197 3960 1269 4031 quo
1290 3935 1412 4008 ordine
1431 3961 1506 4007 eam
1529 3932 1677 4008 exsecuti
1686 3927 1832 4022 H'Jmfi‘z·

328 4033 407 4112 slnt.
462 4030 540 4106 Post
559 4054 735 4128 acceptum
755 4033 920 4128 Spiritum
941 4035 1099 4101 sanetum
1125 4029 1170 4102 ali
1199 4032 1401 4105 uammultis
1429 4031 1526 4105 annis
1546 4007 1861 4151 manse-affl&

327 4151 413 4209 runt
426 4123 705 4223 Hierosolymis,
732 4125 781 4199 ibi
801 4150 906 4226 atquc
927 4128 962 4197 in
981 4126 1107 4199 vicinia
1131 4057 1334 4227 colligentes
1363 4126 1499 4206 Christo
1515 4153 1817 4227 numero-str„,„„„

326 4223 402 4304 sam
421 4219 602 4300 Ecclesiam
623 4249 631 4295 :
657 4225 744 4297 adeo
767 4225 811 4295 de
831 4221 1014 4311 invitandis
1040 4224 1202 4320 gentibus
1220 4222 1306 4296 nihil
1327 4227 1515 4324 cogitantes
1535 4272 1547 4305 ,
1575 4247 1614 4296 ut
1636 4229 1764 4306 neussee
1778 4232 1815 4288 ad

323 4350 392 4426 per
411 4344 531 4397 caetera
553 4321 698 4418 quidem
724 4320 856 4419 Judaeae
889 4317 1019 4416 oppida
1047 4319 1080 4391 se
1098 4313 1357 4407 diffunderent3
1391 4319 1503 4410 donec
1522 4305 1854 4443 saevienrefflsffl’·
1972 4367 1977 4378 .

324 4443 392 4526 per
412 4417 557 4500 saulum
575 4413 810 4520 persecutione
821 4464 834 4510 ,
862 4410 1261 4612 Himslllgmgtmmum
1273 4416 1385 4521 aliqui
1396 4419 1506 4500 evites
1518 4415 1615 4596 {egles
1622 4442 1733 4586 ἕψῃ,
1734 4458 1853 4530 ,m

978 4596 980 4600 Ι
1504 4573 1517 4586 ,
1572 4536 1677 4611 quse

1679 3142 1736 3214 suis
1748 3143 1855 3200 dossum
1983 3213 1986 3218 Ι

1685 3215 1746 3285 suns
1760 3217 1855 3274 adne-
1988 3249 1991 3256 ι
