4667 5442
612 504 972 599 Histontn
1030 482 1573 597 Hunnosouuuu·
1691 519 1784 622 197

436 667 484 755 eli
503 672 690 747 introiturus
708 678 743 749 in
769 678 849 749 banc
875 680 1007 749 domun.
1055 672 1164 760 Quod
1190 669 1292 743 valde
1319 670 1414 749 torfit
1433 683 1647 775 interpretes.
1699 668 1910 745 Suntub‘sswu

437 769 503 865 qui
521 767 601 843 hinc
618 773 795 845 excudunt
813 772 1093 845 constitutionem
1113 769 1292 866 aliquam,
1320 796 1388 867 qua
1406 795 1543 845 cautum
1558 766 1622 853 stt,
1640 762 1926 881 nequisffffi

439 887 551 938 caecus
579 890 638 938 aut
657 868 799 942 claudus
819 875 854 942 in
878 893 988 941 arcem
1008 865 1121 937 Sionis
1153 889 1306 960 unquam
1330 870 1628 971 intromitteretQ.
1679 864 1786 964 qud
1827 847 1841 883 r

435 960 566 1034 multas
586 986 706 1060 gentes
722 966 806 1037 boni
825 967 950 1037 ominis
974 956 1080 1038 caussa
1100 960 1283 1042 obtinuit,
1309 989 1351 1034 ne
1372 969 1433 1063 qui
1456 964 1611 1062 pullati,
1647 984 1706 1036 aut
1722 961 1788 1032 de·
1826 1029 1831 1036 .

435 1054 598 1140 formes,
625 1061 660 1130 in
674 1057 890 1157 conspectum
908 1084 1029 1158 regum
1043 1057 1232 1155 prodirent.
1282 1059 1381 1132 ldem
1400 1066 1437 1134 in
1458 1060 1604 1133 Davidis
1614 1060 1707 1158 regia
1719 1056 1785 1127 ob·

435 1146 607 1229 servatum
627 1153 689 1228 csse
707 1158 849 1229 credunt
870 1183 887 1242 ς,
907 1183 977 1228 non
995 1150 1211 1253 superstitiosi
1233 1156 1362 1228 ominis
1383 1154 1509 1238 caussa,
1539 1152 1596 1228 sed
1615 1158 1650 1228 in
1660 1178 1785 1252 perpe·

440 1269 540 1321 tuam
558 1257 605 1324 rei
629 1275 700 1325 tam
720 1253 955 1325 memorabilis
981 1249 1266 1324 recordationem.
1318 1256 1492 1351 Exceptus
1522 1275 1636 1329 tamen
1656 1251 1699 1321 ab
1721 1251 1785 1324 hac

440 1342 521 1442 lege
542 1346 588 1418 est
610 1346 861 1447 Mephiboset,
888 1372 1100 1447 quamquam
1122 1347 1223 1418 valde
1243 1348 1415 1433 claudus,
1451 1351 1580 1421 virtute
1598 1346 1686 1446 legis
1704 1349 1786 1419 uni·

440 1437 581 1514 versalia
596 1467 700 1542 atque
719 1468 876 1529 aeternae,
905 1470 983 1542 quae
1000 1444 1163 1540 pietatem
1180 1491 1190 1523 ,
1218 1440 1321 1515 fidem
1346 1469 1384 1518 ac
1403 1445 1648 1544 gratitudinem
1667 1444 1785 1534 jubete

437 1538 478 1607 &
495 1540 549 1609 cui
567 1540 662 1612 nulla
679 1536 814 1637 speciali
827 1542 903 1640 lege
922 1542 1078 1637 derogari
1092 1539 1286 1635 quidquam
1299 1541 1419 1637 potest.
1472 1541 1542 1613 Alii
1555 1560 1787 1638 putant,·con·

437 1635 541 1705 tineri
561 1637 604 1707 iis
625 1638 741 1709 verbis
765 1638 913 1711 edituum
931 1639 973 1709 de
983 1632 1142 1734 Jebusttis
1155 1658 1331 1733 nunquam
1343 1636 1565 1710 admittendis
1580 1639 1616 1709 in
1627 1638 1783 1717 Sionem,

436 1729 589 1803 ubiarca
609 1735 755 1806 Domini
775 1738 812 1806 &
841 1734 1011 1832 templum
1032 1732 1108 1804 suit.
1159 1734 1228 1805 Sed
1254 1736 1290 1805 &
1316 1732 1418 1825 hujus
1440 1734 1539 1807 edicti
1570 1758 1652 1807 exce
1677 1734 1784 1805 tio-io

437 1832 577 1899 Arauna
593 1826 751 1926 Jebusaeo
775 1829 843 1916 est3
870 1833 912 1902 de
934 1856 1006 1928 quo
1026 1854 1111 1899 mox
1124 1827 1232 1925 plura.
1283 1829 1354 1902 Alii
1371 1832 1588 1921 conjectant,
1661 1854 1680 1902 e
1700 1853 1785 1928 pro·

438 1923 628 2006 verbium,
664 1927 721 1999 vel
748 1929 784 1998 in
803 1952 882 1998 eum
901 1932 962 2025 qui
985 1924 1016 1998 se
1043 1927 1178 2016 jadaret
1202 1929 1236 1998 in
1254 1952 1290 1998 re
1309 1952 1419 2012 uana,
1444 1923 1538 2025 quast
1561 1927 1711 2008 dixeris,
1740 1948 1786 1997 ne

436 2017 572 2108 jactate
594 2044 748 2104 temere,
776 2048 819 2094 ne
840 2024 932 2096 idem
965 2025 1029 2096 tibi
1055 2026 1189 2094 eveniat
1209 2023 1307 2120 quod
1326 2019 1489 2121 Jebusaeis
1509 2070 1521 2106 ‚
1548 2023 1611 2120 qui
1628 2025 1664 2097 in
1684 2024 1783 2096 caecis

438 2113 635 2213 claudisque
652 2120 815 2207 sedarunt
826 2166 837 2201 ,
866 2144 903 2193 at
919 2120 1057 2193 frustra:
1084 2118 1142 2190 vel
1162 2119 1260 2214 quod
1282 2116 1477 2218 usurpatum
1490 2120 1609 2200 suerit,
1638 2119 1783 2218 quando

436 2208 605 2285 accidisset
621 2218 801 2312 quippiam
820 2218 919 2313 quod
943 2215 1013 2289 sieri
1038 2242 1108 2288 non
1129 2212 1222 2313 posse
1244 2217 1443 2290 credebatur
1466 2246 1474 2289 ε
1512 2216 1591 2288 caeci
1614 2216 1784 2291 &claudi

437 2305 604 2394 jactabant
621 2314 793 2383 Davidem
818 2338 887 2386 non
909 2309 1131 2412 ingressurum
1151 2316 1291 2391 Sionem
1312 2339 1324 2399 3
1349 2316 1386 2385 &
1404 2337 1516 2386 tamen
1539 2316 1574 2387 in
1600 2308 1701 2385 tessus
1720 2312 1781 2389 est.
1838 2326 1842 2335 '

438 2406 626 2480 Enimvero
648 2434 718 2481 non
739 2410 890 2481 multum
909 2411 1087 2509 elegantiae
1107 2410 1249 2482 diderio
1270 2406 1368 2482 inesse
1387 2410 1468 2484 vide
1508 2436 1546 2492 r,
1571 2335 1785 2486 sutrolibet

439 2524 592 2597 exponas
610 2504 733 2577 modo.
784 2513 831 2578 At
849 2510 928 2604 quis
942 2509 1043 2579 nobis
1055 2527 1212 2580 veterum
1226 2511 1385 2579 omnium
1394 2532 1457 2605 pro
1518 2507 1677 2589 bionum,
1693 2531 1784 2603 prae·

435 2592 552 2670 sertim
572 2603 828 2685 Orientalium,
857 2628 1000 2676 acumen
1026 2602 1192 2700 praestet}
1215 2606 1347 2701 quippe
1376 2629 1457 2714 qua
1483 2628 1553 2675 non
1572 2600 1785 2701 sapientibus

436 2688 596 2792 semper,
625 2692 684 2768 sed
703 2702 741 2770 &
756 2698 865 2798 vulgo
893 2696 987 2773 suam
1007 2701 1220 2798 quandoque
1241 2700 1368 2773 debent
1395 2702 1598 2797 originem?
1633 2693 1784 2773 Fortasse

437 2810 554 2864 tamen
583 2795 699 2867 omnia
727 2794 800 2869 haec
827 2797 914 2888 jullo
939 2794 1118 2870 subtiliora
1142 2796 1231 2871 sunt.
1281 2802 1326 2869 Et
1345 2793 1416 2870 fieri
1462 2797 1580 2880 otest,
1608 2820 1648 2870 ut
1659 2820 1783 2895 neque

402 2908 411 2921 ⁸
437 2887 587 2961 cdidum
608 2891 781 2988 aliquod,
819 2914 935 2991 neque
960 2894 1185 2993 proverbium
1207 2897 1242 2967 in
1262 2919 1301 2965 ea
1320 2889 1402 2969 sacri
1427 2822 1591 2969 sdtmonis
1619 2896 1782 2992 pericopa
1839 2893 1852 2906 ”

436 2978 505 3070 site
530 2981 588 3059 sed
607 2992 698 3062 nuda
716 3009 793 3062 ante
816 2991 985 3065 diuorum
1005 2994 1191 3091 repetitio,
1219 3013 1259 3064 ut
1282 2992 1443 3067 reddatur
1464 2995 1552 3064 ratio
1572 3016 1642 3090 qua
1662 3012 1782 3063 motus

433 3084 552 3154 David
572 3107 704 3157 tanturn
725 3088 844 3160 videri
864 3090 1046 3187 praemium
1060 3085 1289 3188 proposuerit.
1342 3092 1436 3179 Quia
1458 3090 1623 3161 nimirum
1649 3087 1783 3158 milita-

433 3202 510 3255 rem
531 3181 628 3253 illam
646 3178 797 3256 sarcasmi
818 3186 994 3257 licentiam
1012 3211 1116 3282 aequo
1140 3188 1256 3258 animo
1272 3210 1486 3281 concoquere
1506 3209 1576 3256 non
1597 3203 1746 3279 poterat.
1894 3266 1895 3269 Ἴ

536 3281 586 3348 Χ.
614 3286 749 3351 Notatu
770 3280 916 3378 dignum
936 3280 1000 3361 est,
1030 3280 1186 3377 &quod
1231 3279 1282 3351 ost
1300 3275 1490 3389 superatam
1509 3304 1531 3349 a
1549 3277 1823 3349 DavideSio·X·
1837 3277 1963 3371 dm»

435 3374 491 3448 uis
510 3398 622 3446 arcem
639 3376 864 3470 ffinoblymt's
882 3373 1078 3449 remanserit
1094 3306 1271 3475 Jebusaios
1283 3374 1452 3471 quldam,
1477 3380 1637 3453 mama,
1658 3372 1717 3445 uel
1726 3378 1777 3453 A·
1787 3378 1802 3412 '
1803 3361 1910 3487 ‘’2⁰¹⁸''

434 3475 552 3551 rania,
577 3470 634 3543 vel
654 3477 761 3543 Orata
783 3472 918 3552 didus,
946 3474 1003 3545 cui
1020 3476 1057 3545 &
1073 3476 1152 3568 regia
1169 3496 1296 3547 nomen
1319 3470 1419 3544 datur
1439 3517 1453 3554 ‚
1486 3470 1548 3570 qui
1563 3472 1608 3545 ad
1626 3427 1941 3578 extremasjmus‘z'd

433 3563 543 3663 usque
562 3568 709 3640 Davidis
722 3592 834 3641 aream
853 3566 975 3643 habuit
993 3572 1029 3643 in
1051 3591 1169 3642 monte
1188 3570 1316 3643 Moria.
1333 3592 1370 3642 2.
1382 3574 1608 3643 Sammv:
1630 3589 1689 3653 23.
1724 3572 1881 3658 Dejattm
1893 3600 1924 3639 ot

437 3687 515 3760 quo
530 3666 710 3762 josephus:
736 3672 814 3740 Nec
823 3671 1111 3763 pretennittendus
1126 3683 1186 3762 per
1198 3665 1359 3757 filontium
1372 3664 1413 3749 est
1426 3666 1602 3762 Orpheum,
1625 3661 1862 3739 viritem&
1876 3657 1941 3729 ,lir-

435 3758 597 3855 Jebtesaeos
612 3762 798 3858 opulentat,
820 3766 871 3836 cui
894 3769 929 3836 in
951 3767 1178 3860 expttgnatt'one
1200 3763 1486 3860 Hierosolymam
1511 3768 1672 3859 partitum
1699 3762 1741 3847 ets
1759 3738 1964 3873 essm&

435 3882 530 3950 rege,
553 3877 620 3931 tum
627 3878 758 3955 propter
771 3879 954 3956 perpetuam
975 3862 1042 3955 ejus
1055 3885 1130 3955 erga
1150 3858 1301 3934 Hebros
1317 3858 1567 3933 ὸεηενοίεητίανη
1584 3893 1599 3945 ,·
1623 3880 1692 3932 tum
1706 3863 1780 3957 quia
1790 3839 1830 3948 sis
1844 3890 1946 3946 flur*

431 3959 565 4050 privato
581 3961 713 4053 quodam
734 3956 835 4049 officio
851 3961 1021 4030 demerim
1039 3956 1079 4040 ens
1095 3983 1176 4030 eum.
1226 3956 1293 4031 sod
1306 3957 1493 4031 dubitoau
1508 3951 1581 4030 sola
1600 3956 1665 4029 viri
1689 3970 1890 4055 opu-Jotymae
1942 4021 1948 4030 .

436 4050 544 4125 sentia
562 4048 737 4126 absolvere
753 4074 858 4150 queat
870 4050 1090 4150 magnificum
1102 4059 1181 4147 regit
1194 4054 1372 4151 elogium,
1425 4077 1473 4125 uo
1485 4047 1665 4128 sacereum
1675 4042 1893 4152 scrip-musi·
1965 4130 1970 4138 ¹

437 4167 495 4219 tor
514 4171 669 4221 exornat.
721 4149 897 4221 Credibile
916 4152 962 4223 eli
984 4197 996 4232 ,
1034 4150 1091 4222 vel
1121 4174 1241 4248 regem
1261 4145 1355 4222 fuisse
1374 4078 1642 4250 Jsbusaeorum,
1670 4175 1783 4248 quum

434 4245 551 4316 David
568 4243 652 4317 urbe
670 4246 862 4342 potiretur,
889 4268 924 4317 at
943 4247 1075 4318 Davidi
1092 4247 1320 4320 faventiorem·
1337 4270 1441 4343 quam
1459 4271 1640 4356 procerum
1661 4247 1717 4318 uel
1732 4248 1785 4319 ci·

435 4342 535 4411 vium
556 4342 639 4428 alii3
664 4363 723 4414 aut
741 4340 871 4413 derisit
897 4342 1082 4441 deditaque
1102 4367 1176 4415 arce
1198 4337 1383 4439 supplicem
1402 4344 1615 4455 regisadum
1636 4344 1783 4441 gratiam
1892 4333 1912 4358 ‘

435 4438 510 4527 ejus
530 4434 715 4518 metuet
745 4439 804 4515 vel
820 4461 908 4519 certe
929 4464 974 4520 ex
990 4441 1088 4543 segia
1104 4433 1344 4537 Jebuuorun
1365 4438 1496 4518 {anulio
1516 4440 1702 4539 aliquem,
1729 4440 1785 4509 cui

1079 4538 1144 4613 Bb
1169 4557 1189 4631 3
1273 4640 1279 4648 .
1645 4528 1787 4632 parsum
