<?xml version="1.0" encoding="UTF-8"?>
<!DOCTYPE html PUBLIC "-//W3C//DTD XHTML 1.0 Transitional//EN"
    "http://www.w3.org/TR/xhtml1/DTD/xhtml1-transitional.dtd">
<html xmlns="http://www.w3.org/1999/xhtml" xml:lang="en" lang="en">
 <head>
  <title>
</title>
<meta http-equiv="Content-Type" content="text/html;charset=utf-8" />
  <meta name='ocr-system' content='tesseract 3.04.00' />
  <meta name='ocr-capabilities' content='ocr_page ocr_carea ocr_par ocr_line ocrx_word'/>
</head>
<body>
  <div class='ocr_page' id='page_1' title='image "./hermanniwitsiim01witsgoog/hermanniwitsiim01witsgoog_0371.png"; bbox 0 0 4667 5442; ppageno 0'>
   <div class='ocr_carea' id='block_1_1' title="bbox 513 422 1729 607">
    <p class='ocr_par' dir='ltr' id='par_1_1' title="bbox 513 422 1729 607">
     <span class='ocr_line' id='line_1_1' title="bbox 513 422 1729 607; baseline -0.008 -29"><span class='ocrx_word' id='word_1_1' title='bbox 513 567 525 578; x_wconf 84' lang='grc'>,.</span> <span class='ocrx_word' id='word_1_2' title='bbox 575 487 671 607; x_wconf 84' lang='lat'>348</span> <span class='ocrx_word' id='word_1_3' title='bbox 816 425 1528 572; x_wconf 73' lang='lat' dir='ltr'>Exuncrrnrro</span> <span class='ocrx_word' id='word_1_4' title='bbox 1600 422 1729 572; x_wconf 89' lang='lat' dir='ltr'>XlV.</span> 
     </span>
    </p>
   </div>
   <div class='ocr_carea' id='block_1_2' title="bbox 486 629 1929 941">
    <p class='ocr_par' dir='ltr' id='par_1_2' title="bbox 486 629 1929 941">
     <span class='ocr_line' id='line_1_2' title="bbox 572 629 1926 734; baseline 0.001 -28"><span class='ocrx_word' id='word_1_5' title='bbox 572 637 672 733; x_wconf 90' lang='lat' dir='ltr'>quod</span> <span class='ocrx_word' id='word_1_6' title='bbox 689 661 742 710; x_wconf 88' lang='lat' dir='ltr'>res</span> <span class='ocrx_word' id='word_1_7' title='bbox 755 632 824 733; x_wconf 85' lang='lat' dir='ltr'>ipsa</span> <span class='ocrx_word' id='word_1_8' title='bbox 846 635 1037 734; x_wconf 79' lang='lat' dir='ltr'>loquitur,</span> <span class='ocrx_word' id='word_1_9' title='bbox 1051 630 1074 706; x_wconf 92' lang='lat' dir='ltr'>sr</span> <span class='ocrx_word' id='word_1_10' title='bbox 1091 631 1166 731; x_wconf 85' lang='lat' dir='ltr'>post</span> <span class='ocrx_word' id='word_1_11' title='bbox 1187 629 1343 732; x_wconf 85' lang='lat' dir='ltr'>scriptam</span> <span class='ocrx_word' id='word_1_12' title='bbox 1357 636 1403 708; x_wconf 89' lang='lat' dir='ltr'>ad</span> <span class='ocrx_word' id='word_1_13' title='bbox 1421 630 1635 710; x_wconf 81' lang='lat' dir='ltr'>colossenses</span> <span class='ocrx_word' id='word_1_14' title='bbox 1655 632 1846 734; x_wconf 85' lang='lat' dir='ltr'>Epistolam</span> <span class='ocrx_word' id='word_1_15' title='bbox 1859 658 1926 707; x_wconf 79' lang='lat' dir='ltr'>no·</span> 
     </span>
     <span class='ocr_line' id='line_1_3' title="bbox 573 728 1927 831; baseline 0 -28"><span class='ocrx_word' id='word_1_16' title='bbox 573 754 634 804; x_wconf 91' lang='lat' dir='ltr'>vas</span> <span class='ocrx_word' id='word_1_17' title='bbox 656 737 813 831; x_wconf 86' lang='lat' dir='ltr'><strong>regiones</strong></span> <span class='ocrx_word' id='word_1_18' title='bbox 836 734 1013 831; x_wconf 85' lang='lat' dir='ltr'>Evangelii</span> <span class='ocrx_word' id='word_1_19' title='bbox 1032 733 1109 806; x_wconf 86' lang='lat' dir='ltr'>luce</span> <span class='ocrx_word' id='word_1_20' title='bbox 1129 732 1262 804; x_wconf 89' lang='lat' dir='ltr'>Paulus·</span> <span class='ocrx_word' id='word_1_21' title='bbox 1284 732 1500 806; x_wconf 88' lang='lat' dir='ltr'>illustraverit</span> <span class='ocrx_word' id='word_1_22' title='bbox 1522 780 1534 816; x_wconf 96' lang='lat'>,</span> <span class='ocrx_word' id='word_1_23' title='bbox 1562 758 1632 806; x_wconf 90' lang='lat' dir='ltr'>non</span> <span class='ocrx_word' id='word_1_24' title='bbox 1656 728 1751 830; x_wconf 86' lang='lat' dir='ltr'>posse</span> <span class='ocrx_word' id='word_1_25' title='bbox 1775 757 1851 815; x_wconf 85' lang='lat' dir='ltr'>ea,</span> <span class='ocrx_word' id='word_1_26' title='bbox 1882 731 1927 804; x_wconf 87' lang='lat' dir='ltr'>de</span> 
     </span>
     <span class='ocr_line' id='line_1_4' title="bbox 486 826 1929 941; baseline 0.003 -43"><span class='ocrx_word' id='word_1_27' title='bbox 486 903 488 908; x_wconf 66' lang='grc'><em>,</em></span> <span class='ocrx_word' id='word_1_28' title='bbox 574 829 703 941; x_wconf 81' lang='lat' dir='ltr'>quibus</span> <span class='ocrx_word' id='word_1_29' title='bbox 723 831 858 928; x_wconf 88' lang='lat' dir='ltr'>agimus</span> <span class='ocrx_word' id='word_1_30' title='bbox 874 828 960 902; x_wconf 72' lang='lat' dir='ltr'>dista</span> <span class='ocrx_word' id='word_1_31' title='bbox 979 877 991 914; x_wconf 93' lang='lat'>,</span> <span class='ocrx_word' id='word_1_32' title='bbox 1020 851 1112 903; x_wconf 86' lang='lat' dir='ltr'>tanta</span> <span class='ocrx_word' id='word_1_33' title='bbox 1122 826 1304 902; x_wconf 88' lang='lat' dir='ltr'>latitudine</span> <span class='ocrx_word' id='word_1_34' title='bbox 1321 832 1477 927; x_wconf 86' lang='lat' dir='ltr'>exponi,</span> <span class='ocrx_word' id='word_1_35' title='bbox 1505 829 1602 905; x_wconf 87' lang='lat' dir='ltr'>nulla</span> <span class='ocrx_word' id='word_1_36' title='bbox 1614 853 1655 903; x_wconf 93' lang='lat' dir='ltr'>ut</span> <span class='ocrx_word' id='word_1_37' title='bbox 1665 854 1744 927; x_wconf 85' lang='lat' dir='ltr'>pars</span> <span class='ocrx_word' id='word_1_38' title='bbox 1755 828 1854 903; x_wconf 90' lang='lat' dir='ltr'>orbis</span> <span class='ocrx_word' id='word_1_39' title='bbox 1867 852 1929 926; x_wconf 68' lang='grc' dir='ltr'>εκ-Ι</span> 
     </span>
    </p>
   </div>
   <div class='ocr_carea' id='block_1_3' title="bbox 397 949 1930 4510">
    <p class='ocr_par' dir='ltr' id='par_1_3' title="bbox 397 949 1930 3417">
     <span class='ocr_line' id='line_1_5' title="bbox 574 949 730 999; baseline 0.019 -3"><span class='ocrx_word' id='word_1_40' title='bbox 574 949 604 997; x_wconf 88' lang='lat' dir='ltr'>cr</span> <span class='ocrx_word' id='word_1_41' title='bbox 632 949 730 999; x_wconf 87' lang='lat' dir='ltr'>ratur.</span> 
     </span>
     <span class='ocr_line' id='line_1_6' title="bbox 397 952 1929 1121; baseline -0.001 -21"><span class='ocrx_word' id='word_1_42' title='bbox 397 1038 476 1104; x_wconf 79' lang='lat' dir='ltr'>m.</span> <span class='ocrx_word' id='word_1_43' title='bbox 494 1034 551 1094; x_wconf 75' lang='lat' dir='ltr'>Nee</span> <span class='ocrx_word' id='word_1_44' title='bbox 606 952 629 1023; x_wconf 75' lang='lat' dir='ltr'>P</span> <span class='ocrx_word' id='word_1_45' title='bbox 674 1026 776 1095; x_wconf 90' lang='lat' dir='ltr'><strong>XIX.</strong></span> <span class='ocrx_word' id='word_1_46' title='bbox 804 1023 938 1095; x_wconf 87' lang='lat' dir='ltr'>Eodem</span> <span class='ocrx_word' id='word_1_47' title='bbox 954 1022 1074 1117; x_wconf 90' lang='lat' dir='ltr'>procul</span> <span class='ocrx_word' id='word_1_48' title='bbox 1091 1022 1200 1094; x_wconf 91' lang='lat' dir='ltr'>dubio</span> <span class='ocrx_word' id='word_1_49' title='bbox 1214 1019 1308 1095; x_wconf 87' lang='lat' dir='ltr'>sensu</span> <span class='ocrx_word' id='word_1_50' title='bbox 1329 1021 1595 1121; x_wconf 90' lang='lat' dir='ltr'>intelligendum</span> <span class='ocrx_word' id='word_1_51' title='bbox 1615 1020 1663 1097; x_wconf 88' lang='lat' dir='ltr'>est</span> <span class='ocrx_word' id='word_1_52' title='bbox 1679 1021 1780 1121; x_wconf 91' lang='lat' dir='ltr'>quod</span> <span class='ocrx_word' id='word_1_53' title='bbox 1793 1022 1839 1095; x_wconf 92' lang='lat' dir='ltr'>de</span> <span class='ocrx_word' id='word_1_54' title='bbox 1862 1025 1929 1098; x_wconf 82' lang='lat' dir='ltr'>Ro-</span> 
     </span>
     <span class='ocr_line' id='line_1_7' title="bbox 397 1116 1929 1264; baseline -0.003 -68"><span class='ocrx_word' id='word_1_55' title='bbox 397 1117 479 1208; x_wconf 64' lang='lat' dir='ltr'>ariter</span> <span class='ocrx_word' id='word_1_56' title='bbox 496 1127 569 1264; x_wconf 46' lang='lat' dir='ltr'>“sss</span> <span class='ocrx_word' id='word_1_57' title='bbox 577 1142 736 1191; x_wconf 85' lang='lat' dir='ltr'>manorum</span> <span class='ocrx_word' id='word_1_58' title='bbox 757 1117 823 1190; x_wconf 87' lang='lat' dir='ltr'>fide</span> <span class='ocrx_word' id='word_1_59' title='bbox 843 1123 1028 1192; x_wconf 71' lang='lat' dir='ltr'><em>annunciata</em></span> <span class='ocrx_word' id='word_1_60' title='bbox 1048 1124 1083 1192; x_wconf 88' lang='lat' dir='ltr'>in</span> <span class='ocrx_word' id='word_1_61' title='bbox 1104 1140 1171 1192; x_wconf 84' lang='lat' dir='ltr'>toto</span> <span class='ocrx_word' id='word_1_62' title='bbox 1193 1125 1304 1193; x_wconf 86' lang='lat' dir='ltr'>mundo</span> <span class='ocrx_word' id='word_1_63' title='bbox 1324 1116 1478 1193; x_wconf 81' lang='lat' dir='ltr'>scribitur</span> <span class='ocrx_word' id='word_1_64' title='bbox 1498 1125 1603 1193; x_wconf 92' lang='lat' dir='ltr'>Rom.</span> <span class='ocrx_word' id='word_1_65' title='bbox 1623 1144 1653 1194; x_wconf 92' lang='lat'>1:</span> <span class='ocrx_word' id='word_1_66' title='bbox 1669 1129 1702 1197; x_wconf 82' lang='lat'>8.</span> <span class='ocrx_word' id='word_1_67' title='bbox 1756 1120 1829 1192; x_wconf 90' lang='lat' dir='ltr'>Cui</span> <span class='ocrx_word' id='word_1_68' title='bbox 1845 1119 1929 1192; x_wconf 91' lang='lat' dir='ltr'>addi</span> 
     </span>
     <span class='ocr_line' id='line_1_8' title="bbox 398 1203 1927 1322; baseline 0.002 -39"><span class='ocrx_word' id='word_1_69' title='bbox 398 1212 437 1321; x_wconf 48' lang='grc' dir='ltr'>’ζ</span> <span class='ocrx_word' id='word_1_70' title='bbox 437 1203 519 1322; x_wconf 49' lang='lat'>⁰2⁰2</span> <span class='ocrx_word' id='word_1_71' title='bbox 532 1288 570 1321; x_wconf 77' lang='lat' dir='ltr'>ce·</span> <span class='ocrx_word' id='word_1_72' title='bbox 577 1214 688 1313; x_wconf 86' lang='lat' dir='ltr'>potest</span> <span class='ocrx_word' id='word_1_73' title='bbox 709 1211 815 1288; x_wconf 88' lang='lat' dir='ltr'>srmile</span> <span class='ocrx_word' id='word_1_74' title='bbox 838 1217 1073 1289; x_wconf 90' lang='lat' dir='ltr'>testimonium</span> <span class='ocrx_word' id='word_1_75' title='bbox 1094 1215 1137 1285; x_wconf 92' lang='lat' dir='ltr'>de</span> <span class='ocrx_word' id='word_1_76' title='bbox 1152 1212 1219 1287; x_wconf 89' lang='lat' dir='ltr'>fide</span> <span class='ocrx_word' id='word_1_77' title='bbox 1239 1212 1564 1307; x_wconf 69' lang='lat' dir='ltr'>lbeffitlonicetfium,</span> <span class='ocrx_word' id='word_1_78' title='bbox 1590 1240 1669 1312; x_wconf 82' lang='lat' dir='ltr'>quae</span> <span class='ocrx_word' id='word_1_79' title='bbox 1688 1221 1725 1288; x_wconf 80' lang='lat' dir='ltr'>in</span> <span class='ocrx_word' id='word_1_80' title='bbox 1742 1216 1927 1289; x_wconf 83' lang='lat' dir='ltr'>omnemlo·</span> 
     </span>
     <span class='ocr_line' id='line_1_9' title="bbox 398 1286 1930 1408; baseline 0.001 -25"><span class='ocrx_word' id='word_1_81' title='bbox 398 1286 503 1399; x_wconf 70' lang='lat' dir='ltr'>schram</span> <span class='ocrx_word' id='word_1_82' title='bbox 522 1344 551 1399; x_wconf 72' lang='lat' dir='ltr'>in</span> <span class='ocrx_word' id='word_1_83' title='bbox 578 1316 882 1385; x_wconf 82' lang='lat' dir='ltr'>cumdimanaverit.</span> <span class='ocrx_word' id='word_1_84' title='bbox 901 1338 933 1385; x_wconf 84' lang='lat'>1.</span> <span class='ocrx_word' id='word_1_85' title='bbox 948 1307 1052 1386; x_wconf 87' lang='lat' dir='ltr'>Thes.</span> <span class='ocrx_word' id='word_1_86' title='bbox 1071 1337 1102 1387; x_wconf 90' lang='lat'>1:</span> <span class='ocrx_word' id='word_1_87' title='bbox 1117 1319 1151 1390; x_wconf 86' lang='lat'>8.</span> <span class='ocrx_word' id='word_1_88' title='bbox 1202 1319 1330 1408; x_wconf 85' lang='lat' dir='ltr'>Neque</span> <span class='ocrx_word' id='word_1_89' title='bbox 1344 1314 1437 1383; x_wconf 92' lang='lat' dir='ltr'>enim</span> <span class='ocrx_word' id='word_1_90' title='bbox 1450 1317 1815 1394; x_wconf 80' lang='lat' dir='ltr'>Romanorumnomen,</span> <span class='ocrx_word' id='word_1_91' title='bbox 1833 1312 1930 1385; x_wconf 89' lang='lat' dir='ltr'>mul-</span> 
     </span>
     <span class='ocr_line' id='line_1_10' title="bbox 397 1406 1927 1505; baseline 0.002 -29"><span class='ocrx_word' id='word_1_92' title='bbox 397 1435 450 1476; x_wconf 69' lang='lat' dir='ltr'>ene</span> <span class='ocrx_word' id='word_1_93' title='bbox 463 1419 559 1474; x_wconf 76' lang='lat' dir='ltr'>mundo</span> <span class='ocrx_word' id='word_1_94' title='bbox 579 1431 616 1482; x_wconf 94' lang='lat' dir='ltr'>to</span> <span class='ocrx_word' id='word_1_95' title='bbox 633 1410 748 1481; x_wconf 92' lang='lat' dir='ltr'>minus</span> <span class='ocrx_word' id='word_1_96' title='bbox 767 1406 1093 1499; x_wconf 74' lang='lat' dir='ltr'>rneffinonicennum,</span> <span class='ocrx_word' id='word_1_97' title='bbox 1119 1407 1283 1479; x_wconf 90' lang='lat' dir='ltr'>omnibus</span> <span class='ocrx_word' id='word_1_98' title='bbox 1303 1408 1426 1479; x_wconf 91' lang='lat' dir='ltr'>mundi</span> <span class='ocrx_word' id='word_1_99' title='bbox 1438 1407 1636 1480; x_wconf 87' lang='lat' dir='ltr'>nationibus</span> <span class='ocrx_word' id='word_1_100' title='bbox 1647 1410 1832 1505; x_wconf 89' lang='lat' dir='ltr'>cognitum</span> <span class='ocrx_word' id='word_1_101' title='bbox 1844 1430 1927 1490; x_wconf 88' lang='lat' dir='ltr'>erat,</span> 
     </span>
     <span class='ocr_line' id='line_1_11' title="bbox 399 1492 1929 1601; baseline 0 -25"><span class='ocrx_word' id='word_1_102' title='bbox 399 1492 532 1550; x_wconf 71' lang='lat' dir='ltr'>Romano·</span> <span class='ocrx_word' id='word_1_103' title='bbox 579 1504 706 1577; x_wconf 90' lang='lat' dir='ltr'>nedum</span> <span class='ocrx_word' id='word_1_104' title='bbox 727 1527 766 1576; x_wconf 90' lang='lat' dir='ltr'>ut</span> <span class='ocrx_word' id='word_1_105' title='bbox 794 1502 926 1575; x_wconf 81' lang='lat' dir='ltr'>deside</span> <span class='ocrx_word' id='word_1_106' title='bbox 949 1528 1068 1576; x_wconf 89' lang='lat' dir='ltr'>eorum</span> <span class='ocrx_word' id='word_1_107' title='bbox 1096 1504 1291 1601; x_wconf 78' lang='lat' dir='ltr'>quidquam</span> <span class='ocrx_word' id='word_1_108' title='bbox 1324 1502 1487 1575; x_wconf 87' lang='lat' dir='ltr'>haberent</span> <span class='ocrx_word' id='word_1_109' title='bbox 1513 1499 1735 1600; x_wconf 75' lang='lat' dir='ltr'>perspeslum.</span> <span class='ocrx_word' id='word_1_110' title='bbox 1797 1509 1929 1601; x_wconf 86' lang='lat' dir='ltr'>Neque</span> 
     </span>
     <span class='ocr_line' id='line_1_12' title="bbox 397 1568 1926 1698; baseline 0 -26"><span class='ocrx_word' id='word_1_111' title='bbox 397 1589 460 1627; x_wconf 73' lang='lat'><em>&#39;&#39;⁰&#39;&#39;</em></span> <span class='ocrx_word' id='word_1_112' title='bbox 476 1568 533 1643; x_wconf 49' lang='grc' dir='ltr'>βά*</span> <span class='ocrx_word' id='word_1_113' title='bbox 578 1597 640 1698; x_wconf 88' lang='lat' dir='ltr'>ipsr</span> <span class='ocrx_word' id='word_1_114' title='bbox 660 1600 818 1697; x_wconf 82' lang='lat' dir='ltr'>Apostoli</span> <span class='ocrx_word' id='word_1_115' title='bbox 837 1648 848 1682; x_wconf 93' lang='lat'>,</span> <span class='ocrx_word' id='word_1_116' title='bbox 877 1597 899 1671; x_wconf 88' lang='lat' dir='ltr'>sr</span> <span class='ocrx_word' id='word_1_117' title='bbox 920 1602 1010 1697; x_wconf 92' lang='lat' dir='ltr'>qui,</span> <span class='ocrx_word' id='word_1_118' title='bbox 1038 1622 1076 1671; x_wconf 93' lang='lat' dir='ltr'>ut</span> <span class='ocrx_word' id='word_1_119' title='bbox 1091 1599 1245 1681; x_wconf 93' lang='lat' dir='ltr'>volunt,</span> <span class='ocrx_word' id='word_1_120' title='bbox 1274 1599 1317 1670; x_wconf 91' lang='lat' dir='ltr'>ad</span> <span class='ocrx_word' id='word_1_121' title='bbox 1336 1598 1472 1673; x_wconf 82' lang='lat' dir='ltr'>Tataros</span> <span class='ocrx_word' id='word_1_122' title='bbox 1491 1602 1528 1670; x_wconf 90' lang='lat'>&amp;</span> <span class='ocrx_word' id='word_1_123' title='bbox 1548 1604 1643 1673; x_wconf 86' lang='lat' dir='ltr'>Indos</span> <span class='ocrx_word' id='word_1_124' title='bbox 1656 1602 1926 1696; x_wconf 82' lang='lat' dir='ltr'>penetraverint,</span> 
     </span>
     <span class='ocr_line' id='line_1_13' title="bbox 496 1688 1929 1793; baseline 0.001 -26"><span class='ocrx_word' id='word_1_125' title='bbox 496 1688 505 1708; x_wconf 79' lang='lat'><em>⁰</em></span> <span class='ocrx_word' id='word_1_126' title='bbox 577 1722 692 1793; x_wconf 89' lang='lat' dir='ltr'>neque</span> <span class='ocrx_word' id='word_1_127' title='bbox 714 1697 871 1777; x_wconf 61' lang='lat' dir='ltr'>Naaman,</span> <span class='ocrx_word' id='word_1_128' title='bbox 896 1691 919 1767; x_wconf 88' lang='lat' dir='ltr'>fi</span> <span class='ocrx_word' id='word_1_129' title='bbox 940 1698 1033 1792; x_wconf 91' lang='lat' dir='ltr'>apud</span> <span class='ocrx_word' id='word_1_130' title='bbox 1050 1694 1241 1769; x_wconf 77' lang='lat' dir='ltr'>Masabaraa</span> <span class='ocrx_word' id='word_1_131' title='bbox 1257 1720 1315 1767; x_wconf 87' lang='lat' dir='ltr'>aut</span> <span class='ocrx_word' id='word_1_132' title='bbox 1330 1700 1517 1769; x_wconf 83' lang='lat' dir='ltr'>Mexicanos</span> <span class='ocrx_word' id='word_1_133' title='bbox 1537 1696 1798 1792; x_wconf 78' lang='lat' dir='ltr'>praedicaverit,</span> <span class='ocrx_word' id='word_1_134' title='bbox 1829 1692 1929 1769; x_wconf 82' lang='lat' dir='ltr'>simul</span> 
     </span>
     <span class='ocr_line' id='line_1_14' title="bbox 577 1789 1925 1887; baseline -0.002 -21"><span class='ocrx_word' id='word_1_135' title='bbox 577 1795 622 1866; x_wconf 91' lang='lat' dir='ltr'>iis</span> <span class='ocrx_word' id='word_1_136' title='bbox 640 1796 785 1864; x_wconf 89' lang='lat' dir='ltr'>narravit</span> <span class='ocrx_word' id='word_1_137' title='bbox 815 1816 854 1864; x_wconf 92' lang='lat' dir='ltr'>ut</span> <span class='ocrx_word' id='word_1_138' title='bbox 872 1798 1007 1867; x_wconf 84' lang='lat' dir='ltr'>Romani</span> <span class='ocrx_word' id='word_1_139' title='bbox 1027 1789 1178 1874; x_wconf 88' lang='lat' dir='ltr'>fideles,</span> <span class='ocrx_word' id='word_1_140' title='bbox 1216 1815 1254 1862; x_wconf 94' lang='lat' dir='ltr'>ut</span> <span class='ocrx_word' id='word_1_141' title='bbox 1278 1790 1549 1882; x_wconf 64' lang='lat' dir='ltr'>Thessalonicenses</span> <span class='ocrx_word' id='word_1_142' title='bbox 1572 1792 1753 1873; x_wconf 89' lang='lat' dir='ltr'>valerent,</span> <span class='ocrx_word' id='word_1_143' title='bbox 1783 1795 1822 1864; x_wconf 87' lang='lat'>&amp;</span> <span class='ocrx_word' id='word_1_144' title='bbox 1845 1793 1925 1887; x_wconf 88' lang='lat' dir='ltr'>quis</span> 
     </span>
     <span class='ocr_line' id='line_1_15' title="bbox 577 1883 1926 1986; baseline -0.001 -26"><span class='ocrx_word' id='word_1_145' title='bbox 577 1885 734 1966; x_wconf 87' lang='lat' dir='ltr'>Ecclesrae</span> <span class='ocrx_word' id='word_1_146' title='bbox 753 1884 905 1986; x_wconf 92' lang='lat' dir='ltr'>ipsorum</span> <span class='ocrx_word' id='word_1_147' title='bbox 925 1887 1027 1960; x_wconf 85' lang='lat' dir='ltr'>status</span> <span class='ocrx_word' id='word_1_148' title='bbox 1044 1883 1134 1962; x_wconf 83' lang='lat' dir='ltr'>esset.</span> <span class='ocrx_word' id='word_1_149' title='bbox 1184 1883 1403 1983; x_wconf 86' lang='lat' dir='ltr'>Perspicuum</span> <span class='ocrx_word' id='word_1_150' title='bbox 1430 1886 1502 1970; x_wconf 87' lang='lat' dir='ltr'>est,</span> <span class='ocrx_word' id='word_1_151' title='bbox 1529 1892 1801 1976; x_wconf 65' lang='lat' dir='ltr'>mmmmm</span> <span class='ocrx_word' id='word_1_152' title='bbox 1818 1888 1926 1962; x_wconf 87' lang='lat' dir='ltr'>Paulo</span> 
     </span>
     <span class='ocr_line' id='line_1_16' title="bbox 577 1981 1927 2082; baseline -0.002 -24"><span class='ocrx_word' id='word_1_153' title='bbox 577 1983 635 2059; x_wconf 92' lang='lat' dir='ltr'>hic</span> <span class='ocrx_word' id='word_1_154' title='bbox 665 2008 783 2058; x_wconf 88' lang='lat' dir='ltr'>notare</span> <span class='ocrx_word' id='word_1_155' title='bbox 802 2010 857 2059; x_wconf 89' lang='lat' dir='ltr'>eas</span> <span class='ocrx_word' id='word_1_156' title='bbox 890 1986 983 2058; x_wconf 91' lang='lat' dir='ltr'>orbis</span> <span class='ocrx_word' id='word_1_157' title='bbox 1001 2008 1114 2082; x_wconf 86' lang='lat' dir='ltr'>partes</span> <span class='ocrx_word' id='word_1_158' title='bbox 1140 2007 1220 2082; x_wconf 84' lang='lat' dir='ltr'>quae</span> <span class='ocrx_word' id='word_1_159' title='bbox 1238 1984 1386 2080; x_wconf 91' lang='lat' dir='ltr'>Imperio</span> <span class='ocrx_word' id='word_1_160' title='bbox 1410 1989 1570 2056; x_wconf 87' lang='lat' dir='ltr'>Romano</span> <span class='ocrx_word' id='word_1_161' title='bbox 1589 1981 1746 2057; x_wconf 80' lang='lat' dir='ltr'>suberant</span> <span class='ocrx_word' id='word_1_162' title='bbox 1771 2030 1783 2066; x_wconf 86' lang='lat'>,</span> <span class='ocrx_word' id='word_1_163' title='bbox 1811 1986 1866 2056; x_wconf 95' lang='lat' dir='ltr'>uti</span> <span class='ocrx_word' id='word_1_164' title='bbox 1892 1986 1927 2055; x_wconf 71' lang='lat'>8&lt;</span> 
     </span>
     <span class='ocr_line' id='line_1_17' title="bbox 577 2074 1927 2177; baseline -0.003 -22"><span class='ocrx_word' id='word_1_165' title='bbox 577 2086 666 2155; x_wconf 87' lang='lat' dir='ltr'>Luc.</span> <span class='ocrx_word' id='word_1_166' title='bbox 685 2106 741 2159; x_wconf 87' lang='lat'>11:</span> <span class='ocrx_word' id='word_1_167' title='bbox 761 2107 793 2155; x_wconf 88' lang='lat'>1.</span> <span class='ocrx_word' id='word_1_168' title='bbox 846 2088 966 2169; x_wconf 81' lang='lat' dir='ltr'>Quum</span> <span class='ocrx_word' id='word_1_169' title='bbox 991 2083 1083 2153; x_wconf 88' lang='lat' dir='ltr'>enim</span> <span class='ocrx_word' id='word_1_170' title='bbox 1096 2084 1212 2153; x_wconf 91' lang='lat' dir='ltr'>Roma</span> <span class='ocrx_word' id='word_1_171' title='bbox 1231 2101 1284 2152; x_wconf 94' lang='lat' dir='ltr'>tot</span> <span class='ocrx_word' id='word_1_172' title='bbox 1299 2081 1456 2177; x_wconf 90' lang='lat' dir='ltr'>gentium</span> <span class='ocrx_word' id='word_1_173' title='bbox 1475 2103 1575 2176; x_wconf 87' lang='lat' dir='ltr'>caput</span> <span class='ocrx_word' id='word_1_174' title='bbox 1592 2074 1671 2151; x_wconf 88' lang='lat' dir='ltr'>esset</span> <span class='ocrx_word' id='word_1_175' title='bbox 1689 2127 1699 2162; x_wconf 97' lang='lat'>,</span> <span class='ocrx_word' id='word_1_176' title='bbox 1726 2106 1809 2177; x_wconf 80' lang='lat' dir='ltr'>quae</span> <span class='ocrx_word' id='word_1_177' title='bbox 1823 2080 1927 2153; x_wconf 90' lang='lat' dir='ltr'>undi-</span> 
     </span>
     <span class='ocr_line' id='line_1_18' title="bbox 579 2175 1925 2275; baseline 0.001 -27"><span class='ocrx_word' id='word_1_178' title='bbox 579 2203 649 2275; x_wconf 91' lang='lat' dir='ltr'>que</span> <span class='ocrx_word' id='word_1_179' title='bbox 667 2205 708 2250; x_wconf 89' lang='lat' dir='ltr'>eo</span> <span class='ocrx_word' id='word_1_180' title='bbox 731 2178 972 2259; x_wconf 83' lang='lat' dir='ltr'>confluebant,</span> <span class='ocrx_word' id='word_1_181' title='bbox 1000 2177 1104 2251; x_wconf 85' lang='lat' dir='ltr'>latere</span> <span class='ocrx_word' id='word_1_182' title='bbox 1122 2202 1193 2249; x_wconf 92' lang='lat' dir='ltr'>non</span> <span class='ocrx_word' id='word_1_183' title='bbox 1206 2198 1341 2273; x_wconf 81' lang='lat' dir='ltr'>poterat</span> <span class='ocrx_word' id='word_1_184' title='bbox 1362 2178 1460 2274; x_wconf 92' lang='lat' dir='ltr'>quod</span> <span class='ocrx_word' id='word_1_185' title='bbox 1477 2178 1548 2249; x_wconf 89' lang='lat' dir='ltr'>illic</span> <span class='ocrx_word' id='word_1_186' title='bbox 1568 2175 1761 2274; x_wconf 83' lang='lat' dir='ltr'>gerebatur.</span> <span class='ocrx_word' id='word_1_187' title='bbox 1814 2181 1873 2258; x_wconf 85' lang='lat' dir='ltr'>Et,</span> <span class='ocrx_word' id='word_1_188' title='bbox 1888 2198 1925 2249; x_wconf 90' lang='lat' dir='ltr'>ut</span> 
     </span>
     <span class='ocr_line' id='line_1_19' title="bbox 576 2272 1927 2371; baseline -0.002 -26"><span class='ocrx_word' id='word_1_189' title='bbox 576 2272 744 2367; x_wconf 89' lang='lat' dir='ltr'>judiciose</span> <span class='ocrx_word' id='word_1_190' title='bbox 761 2276 938 2348; x_wconf 83' lang='lat' dir='ltr'>annotavit</span> <span class='ocrx_word' id='word_1_191' title='bbox 955 2277 1108 2355; x_wconf 72' lang='lat' dir='ltr'>Grotius,</span> <span class='ocrx_word' id='word_1_192' title='bbox 1137 2297 1265 2370; x_wconf 92' lang='lat' dir='ltr'>magno</span> <span class='ocrx_word' id='word_1_193' title='bbox 1288 2297 1366 2344; x_wconf 87' lang='lat' dir='ltr'>cum</span> <span class='ocrx_word' id='word_1_194' title='bbox 1383 2273 1511 2370; x_wconf 91' lang='lat' dir='ltr'>gaudio</span> <span class='ocrx_word' id='word_1_195' title='bbox 1523 2272 1791 2345; x_wconf 89' lang='lat' dir='ltr'>Provincialium</span> <span class='ocrx_word' id='word_1_196' title='bbox 1809 2298 1927 2371; x_wconf 87' lang='lat' dir='ltr'>accep·</span> 
     </span>
     <span class='ocr_line' id='line_1_20' title="bbox 580 2363 1928 2466; baseline -0.002 -22"><span class='ocrx_word' id='word_1_197' title='bbox 580 2392 637 2444; x_wconf 90' lang='lat' dir='ltr'>tus</span> <span class='ocrx_word' id='word_1_198' title='bbox 654 2372 719 2444; x_wconf 89' lang='lat' dir='ltr'>suit</span> <span class='ocrx_word' id='word_1_199' title='bbox 738 2370 799 2443; x_wconf 89' lang='lat' dir='ltr'>ille</span> <span class='ocrx_word' id='word_1_200' title='bbox 817 2373 987 2453; x_wconf 91' lang='lat' dir='ltr'>nuncius,</span> <span class='ocrx_word' id='word_1_201' title='bbox 1016 2372 1120 2442; x_wconf 89' lang='lat' dir='ltr'>etiam</span> <span class='ocrx_word' id='word_1_202' title='bbox 1139 2374 1264 2440; x_wconf 86' lang='lat' dir='ltr'>Romae</span> <span class='ocrx_word' id='word_1_203' title='bbox 1275 2414 1287 2449; x_wconf 90' lang='lat'>,</span> <span class='ocrx_word' id='word_1_204' title='bbox 1314 2369 1475 2465; x_wconf 85' lang='lat' dir='ltr'>incapite</span> <span class='ocrx_word' id='word_1_205' title='bbox 1495 2370 1655 2466; x_wconf 90' lang='lat' dir='ltr'>Imperii,</span> <span class='ocrx_word' id='word_1_206' title='bbox 1683 2363 1745 2439; x_wconf 85' lang='lat' dir='ltr'>esse</span> <span class='ocrx_word' id='word_1_207' title='bbox 1772 2371 1838 2466; x_wconf 90' lang='lat' dir='ltr'>qui</span> <span class='ocrx_word' id='word_1_208' title='bbox 1852 2393 1928 2441; x_wconf 88' lang='lat' dir='ltr'>ean·</span> 
     </span>
     <span class='ocr_line' id='line_1_21' title="bbox 581 2460 1925 2562; baseline 0.001 -24"><span class='ocrx_word' id='word_1_209' title='bbox 581 2466 664 2538; x_wconf 90' lang='lat' dir='ltr'>dem</span> <span class='ocrx_word' id='word_1_210' title='bbox 688 2464 792 2540; x_wconf 87' lang='lat' dir='ltr'>fidem</span> <span class='ocrx_word' id='word_1_211' title='bbox 821 2464 1072 2562; x_wconf 86' lang='lat' dir='ltr'>profiterentur.</span> <span class='ocrx_word' id='word_1_212' title='bbox 1136 2465 1235 2538; x_wconf 89' lang='lat' dir='ltr'>ldem</span> <span class='ocrx_word' id='word_1_213' title='bbox 1265 2463 1309 2534; x_wconf 90' lang='lat' dir='ltr'>de</span> <span class='ocrx_word' id='word_1_214' title='bbox 1339 2460 1687 2537; x_wconf 79' lang='lat' dir='ltr'>Thessalonicensibus</span> <span class='ocrx_word' id='word_1_215' title='bbox 1722 2465 1925 2539; x_wconf 84' lang='lat' dir='ltr'>tenendum.</span> 
     </span>
     <span class='ocr_line' id='line_1_22' title="bbox 579 2559 1926 2660; baseline 0 -25"><span class='ocrx_word' id='word_1_216' title='bbox 579 2562 691 2635; x_wconf 90' lang='lat' dir='ltr'>Multi</span> <span class='ocrx_word' id='word_1_217' title='bbox 713 2590 757 2636; x_wconf 89' lang='lat' dir='ltr'>ex</span> <span class='ocrx_word' id='word_1_218' title='bbox 777 2559 1014 2640; x_wconf 85' lang='lat' dir='ltr'>Thessalonica</span> <span class='ocrx_word' id='word_1_219' title='bbox 1038 2586 1242 2634; x_wconf 89' lang='lat' dir='ltr'>mercatores</span> <span class='ocrx_word' id='word_1_220' title='bbox 1261 2585 1323 2657; x_wconf 89' lang='lat' dir='ltr'>per</span> <span class='ocrx_word' id='word_1_221' title='bbox 1346 2586 1487 2633; x_wconf 90' lang='lat' dir='ltr'>omnem</span> <span class='ocrx_word' id='word_1_222' title='bbox 1506 2564 1676 2635; x_wconf 87' lang='lat' dir='ltr'>Graeciam</span> <span class='ocrx_word' id='word_1_223' title='bbox 1699 2563 1926 2660; x_wconf 88' lang='lat' dir='ltr'>negotiaban-</span> 
     </span>
     <span class='ocr_line' id='line_1_23' title="bbox 580 2654 1927 2756; baseline 0.001 -27"><span class='ocrx_word' id='word_1_224' title='bbox 580 2680 637 2729; x_wconf 92' lang='lat' dir='ltr'>tur</span> <span class='ocrx_word' id='word_1_225' title='bbox 659 2687 668 2730; x_wconf 87' lang='lat'>:</span> <span class='ocrx_word' id='word_1_226' title='bbox 697 2656 819 2731; x_wconf 78' lang='lat' dir='ltr'>dehinc</span> <span class='ocrx_word' id='word_1_227' title='bbox 849 2660 939 2731; x_wconf 90' lang='lat' dir='ltr'>fama</span> <span class='ocrx_word' id='word_1_228' title='bbox 955 2659 1056 2732; x_wconf 90' lang='lat' dir='ltr'>latius</span> <span class='ocrx_word' id='word_1_229' title='bbox 1079 2654 1112 2729; x_wconf 89' lang='lat' dir='ltr'>se</span> <span class='ocrx_word' id='word_1_230' title='bbox 1129 2655 1329 2756; x_wconf 89' lang='lat' dir='ltr'>spargebat,</span> <span class='ocrx_word' id='word_1_231' title='bbox 1357 2681 1395 2729; x_wconf 90' lang='grc' dir='ltr'>ιιι</span> <span class='ocrx_word' id='word_1_232' title='bbox 1413 2658 1529 2755; x_wconf 72' lang='lat' dir='ltr'>passim</span> <span class='ocrx_word' id='word_1_233' title='bbox 1548 2661 1585 2730; x_wconf 92' lang='lat'>&amp;</span> <span class='ocrx_word' id='word_1_234' title='bbox 1607 2658 1766 2755; x_wconf 89' lang='lat' dir='ltr'>ubique,</span> <span class='ocrx_word' id='word_1_235' title='bbox 1797 2661 1834 2731; x_wconf 90' lang='lat' dir='ltr'>in</span> <span class='ocrx_word' id='word_1_236' title='bbox 1860 2657 1927 2731; x_wconf 89' lang='lat' dir='ltr'>illis</span> 
     </span>
     <span class='ocr_line' id='line_1_24' title="bbox 581 2750 1928 2837; baseline 0.004 -15"><span class='ocrx_word' id='word_1_237' title='bbox 581 2754 746 2837; x_wconf 81' lang='lat' dir='ltr'>nimirum</span> <span class='ocrx_word' id='word_1_238' title='bbox 763 2757 972 2835; x_wconf 87' lang='lat' dir='ltr'>Provinciis,</span> <span class='ocrx_word' id='word_1_239' title='bbox 1001 2754 1144 2826; x_wconf 88' lang='lat' dir='ltr'>celebris</span> <span class='ocrx_word' id='word_1_240' title='bbox 1164 2753 1258 2827; x_wconf 85' lang='lat' dir='ltr'>istius</span> <span class='ocrx_word' id='word_1_241' title='bbox 1281 2751 1437 2827; x_wconf 84' lang='lat' dir='ltr'>Ecclesrae</span> <span class='ocrx_word' id='word_1_242' title='bbox 1463 2750 1546 2827; x_wconf 82' lang='lat' dir='ltr'>fides</span> <span class='ocrx_word' id='word_1_243' title='bbox 1571 2750 1660 2828; x_wconf 87' lang='lat' dir='ltr'>cslet.</span> <span class='ocrx_word' id='word_1_244' title='bbox 1714 2753 1860 2828; x_wconf 87' lang='lat' dir='ltr'>Similes</span> <span class='ocrx_word' id='word_1_245' title='bbox 1876 2755 1928 2828; x_wconf 89' lang='lat' dir='ltr'>lo·</span> 
     </span>
     <span class='ocr_line' id='line_1_25' title="bbox 582 2848 1928 2944; baseline 0.006 -28"><span class='ocrx_word' id='word_1_246' title='bbox 582 2849 739 2921; x_wconf 87' lang='lat' dir='ltr'>cutiones</span> <span class='ocrx_word' id='word_1_247' title='bbox 762 2848 882 2919; x_wconf 89' lang='lat' dir='ltr'>eadem</span> <span class='ocrx_word' id='word_1_248' title='bbox 905 2872 1020 2921; x_wconf 90' lang='lat' dir='ltr'>mente</span> <span class='ocrx_word' id='word_1_249' title='bbox 1048 2850 1141 2944; x_wconf 90' lang='lat' dir='ltr'>apud</span> <span class='ocrx_word' id='word_1_250' title='bbox 1171 2873 1290 2939; x_wconf 82' lang='lat' dir='ltr'>omnes</span> <span class='ocrx_word' id='word_1_251' title='bbox 1313 2851 1532 2924; x_wconf 90' lang='lat' dir='ltr'>inveniuntur</span> <span class='ocrx_word' id='word_1_252' title='bbox 1560 2856 1724 2930; x_wconf 68' lang='lat' dir='ltr'>austures.</span> <span class='ocrx_word' id='word_1_253' title='bbox 1784 2853 1928 2925; x_wconf 87' lang='lat' dir='ltr'>Grotius</span> 
     </span>
     <span class='ocr_line' id='line_1_26' title="bbox 580 2939 1929 3032; baseline 0.001 -19"><span class='ocrx_word' id='word_1_254' title='bbox 580 2939 765 3032; x_wconf 83' lang='lat' dir='ltr'>Philonem</span> <span class='ocrx_word' id='word_1_255' title='bbox 786 2944 902 3016; x_wconf 86' lang='lat' dir='ltr'>laudat</span> <span class='ocrx_word' id='word_1_256' title='bbox 922 2945 964 3015; x_wconf 92' lang='lat' dir='ltr'>de</span> <span class='ocrx_word' id='word_1_257' title='bbox 985 2946 1085 3017; x_wconf 89' lang='lat' dir='ltr'>Mose</span> <span class='ocrx_word' id='word_1_258' title='bbox 1102 2945 1303 3017; x_wconf 87' lang='lat' dir='ltr'>dicentem:</span> <span class='ocrx_word' id='word_1_259' title='bbox 1331 2949 1395 3012; x_wconf 66' lang='lat' dir='ltr'>erin</span> <span class='ocrx_word' id='word_1_260' title='bbox 1415 2948 1504 3029; x_wconf 77' lang='grc' dir='ltr'>νόμων</span> <span class='ocrx_word' id='word_1_261' title='bbox 1531 2945 1566 3013; x_wconf 74' lang='grc' dir='ltr'>τὸ</span> <span class='ocrx_word' id='word_1_262' title='bbox 1586 2951 1664 3021; x_wconf 77' lang='grc' dir='ltr'>κλέος</span> <span class='ocrx_word' id='word_1_263' title='bbox 1691 2941 1724 3020; x_wconf 63' lang='grc' dir='ltr'>ἃς</span> <span class='ocrx_word' id='word_1_264' title='bbox 1747 2944 1929 3015; x_wconf 65' lang='grc' dir='ltr'><strong>ἐπιλέλοιπε</strong></span> 
     </span>
     <span class='ocr_line' id='line_1_27' title="bbox 580 3032 1929 3141; baseline 0 -34"><span class='ocrx_word' id='word_1_265' title='bbox 580 3032 630 3107; x_wconf 71' lang='lat' dir='ltr'>snei</span> <span class='ocrx_word' id='word_1_266' title='bbox 645 3035 740 3113; x_wconf 68' lang='lat' dir='ltr'>ardone</span> <span class='ocrx_word' id='word_1_267' title='bbox 761 3042 814 3114; x_wconf 78' lang='grc' dir='ltr'>τίἷς</span> <span class='ocrx_word' id='word_1_268' title='bbox 834 3043 977 3125; x_wconf 61' lang='lat' dir='ltr'>irrepsere</span> <span class='ocrx_word' id='word_1_269' title='bbox 997 3035 1070 3139; x_wconf 67' lang='grc' dir='ltr'><strong>ἆχςι</strong></span> <span class='ocrx_word' id='word_1_270' title='bbox 1084 3037 1133 3125; x_wconf 65' lang='lat' dir='ltr'>&#39;Ul</span> <span class='ocrx_word' id='word_1_271' title='bbox 1150 3044 1207 3108; x_wconf 71' lang='lat' dir='ltr'>enin</span> <span class='ocrx_word' id='word_1_272' title='bbox 1224 3043 1278 3113; x_wconf 79' lang='grc' dir='ltr'><strong>τἰἷς</strong></span> <span class='ocrx_word' id='word_1_273' title='bbox 1293 3036 1513 3132; x_wconf 52' lang='lat' dir='ltr'>wissegradense</span> <span class='ocrx_word' id='word_1_274' title='bbox 1534 3040 1660 3119; x_wconf 70' lang='grc' dir='ltr'>ἔφθακεν.</span> <span class='ocrx_word' id='word_1_275' title='bbox 1706 3046 1834 3135; x_wconf 78' lang='lat' dir='ltr'>Legum</span> <span class='ocrx_word' id='word_1_276' title='bbox 1855 3065 1929 3141; x_wconf 73' lang='lat' dir='ltr'>qm</span> 
     </span>
     <span class='ocr_line' id='line_1_28' title="bbox 581 3131 1930 3233; baseline 0.002 -24"><span class='ocrx_word' id='word_1_277' title='bbox 581 3135 712 3233; x_wconf 73' lang='lat' dir='ltr'>reliquit</span> <span class='ocrx_word' id='word_1_278' title='bbox 722 3133 829 3232; x_wconf 84' lang='lat' dir='ltr'>gloria</span> <span class='ocrx_word' id='word_1_279' title='bbox 845 3155 905 3231; x_wconf 85' lang='lat' dir='ltr'>per</span> <span class='ocrx_word' id='word_1_280' title='bbox 926 3155 1029 3208; x_wconf 83' lang='lat' dir='ltr'>totum</span> <span class='ocrx_word' id='word_1_281' title='bbox 1047 3133 1154 3209; x_wconf 83' lang='lat' dir='ltr'>orbem</span> <span class='ocrx_word' id='word_1_282' title='bbox 1170 3131 1405 3213; x_wconf 79' lang='lat' dir='ltr'>habitabilem,</span> <span class='ocrx_word' id='word_1_283' title='bbox 1430 3134 1580 3231; x_wconf 78' lang='lat' dir='ltr'>usquead</span> <span class='ocrx_word' id='word_1_284' title='bbox 1601 3156 1691 3207; x_wconf 79' lang='lat' dir='ltr'>terra</span> <span class='ocrx_word' id='word_1_285' title='bbox 1712 3142 1865 3213; x_wconf 82' lang='lat' dir='ltr'>terminos</span> <span class='ocrx_word' id='word_1_286' title='bbox 1886 3140 1930 3211; x_wconf 79' lang='lat' dir='ltr'>a·-</span> 
     </span>
     <span class='ocr_line' id='line_1_29' title="bbox 578 3225 1927 3322; baseline 0.004 -27"><span class='ocrx_word' id='word_1_287' title='bbox 578 3237 740 3322; x_wconf 67' lang='lat' dir='ltr'>manavit,</span> <span class='ocrx_word' id='word_1_288' title='bbox 789 3237 834 3304; x_wconf 86' lang='lat' dir='ltr'>Et</span> <span class='ocrx_word' id='word_1_289' title='bbox 847 3231 1064 3306; x_wconf 81' lang='lat' dir='ltr'>Clementem</span> <span class='ocrx_word' id='word_1_290' title='bbox 1081 3233 1124 3304; x_wconf 88' lang='lat' dir='ltr'>de</span> <span class='ocrx_word' id='word_1_291' title='bbox 1150 3232 1281 3315; x_wconf 83' lang='lat' dir='ltr'>Paulo,</span> <span class='ocrx_word' id='word_1_292' title='bbox 1308 3228 1484 3296; x_wconf 62' lang='lat' dir='ltr'>dnaroov&#39;vnv</span> <span class='ocrx_word' id='word_1_293' title='bbox 1504 3225 1622 3313; x_wconf 59' lang='lat' dir='ltr'>seligat</span> <span class='ocrx_word' id='word_1_294' title='bbox 1649 3226 1715 3301; x_wconf 75' lang='lat' dir='ltr'>‘dhar</span> <span class='ocrx_word' id='word_1_295' title='bbox 1745 3230 1798 3303; x_wconf 74' lang='lat' dir='ltr'>&#39;rein</span> <span class='ocrx_word' id='word_1_296' title='bbox 1812 3234 1927 3322; x_wconf 69' lang='grc' dir='ltr'>κόσμοι.</span> 
     </span>
     <span class='ocr_line' id='line_1_30' title="bbox 578 3323 1926 3417; baseline 0 -15"><span class='ocrx_word' id='word_1_297' title='bbox 578 3327 742 3402; x_wconf 86' lang='lat' dir='ltr'>Basrlium</span> <span class='ocrx_word' id='word_1_298' title='bbox 762 3331 866 3402; x_wconf 88' lang='lat' dir='ltr'>etiam</span> <span class='ocrx_word' id='word_1_299' title='bbox 887 3335 1028 3403; x_wconf 88' lang='lat' dir='ltr'>Veteres</span> <span class='ocrx_word' id='word_1_300' title='bbox 1042 3329 1273 3412; x_wconf 89' lang='lat' dir='ltr'>celebrarunt,</span> <span class='ocrx_word' id='word_1_301' title='bbox 1301 3351 1341 3402; x_wconf 90' lang='lat' dir='ltr'>ut</span> <span class='ocrx_word' id='word_1_302' title='bbox 1356 3329 1406 3398; x_wconf 73' lang='grc' dir='ltr'>τὸν</span> <span class='ocrx_word' id='word_1_303' title='bbox 1429 3332 1482 3403; x_wconf 75' lang='lat' dir='ltr'>eit</span> <span class='ocrx_word' id='word_1_304' title='bbox 1504 3332 1647 3414; x_wconf 64' lang='grc' dir='ltr'><strong>ὂικιμένις</strong></span> <span class='ocrx_word' id='word_1_305' title='bbox 1673 3331 1856 3401; x_wconf 65' lang='lat' dir='ltr'>hademar</span> <span class='ocrx_word' id='word_1_306' title='bbox 1879 3323 1926 3417; x_wconf 66' lang='lat' dir='ltr'>rel</span> 
     </span>
    </p>

    <p class='ocr_par' dir='ltr' id='par_1_4' title="bbox 550 3424 1316 3523">
     <span class='ocr_line' id='line_1_31' title="bbox 550 3424 1316 3523; baseline -0.008 -23"><span class='ocrx_word' id='word_1_307' title='bbox 550 3459 555 3466; x_wconf 92' lang='lat'>·</span> <span class='ocrx_word' id='word_1_308' title='bbox 577 3429 713 3522; x_wconf 58' lang='lat' dir='ltr'>vassen.</span> <span class='ocrx_word' id='word_1_309' title='bbox 759 3432 806 3499; x_wconf 85' lang='lat' dir='ltr'>At</span> <span class='ocrx_word' id='word_1_310' title='bbox 820 3425 907 3523; x_wconf 90' lang='lat' dir='ltr'>quid</span> <span class='ocrx_word' id='word_1_311' title='bbox 924 3426 1108 3500; x_wconf 86' lang='lat' dir='ltr'>manifestis</span> <span class='ocrx_word' id='word_1_312' title='bbox 1121 3424 1316 3500; x_wconf 68' lang='lat' dir='ltr'>immorors</span> 
     </span>
    </p>

    <p class='ocr_par' dir='ltr' id='par_1_5' title="bbox 398 3518 1928 4510">
     <span class='ocr_line' id='line_1_32' title="bbox 401 3518 1928 3620; baseline 0.003 -27"><span class='ocrx_word' id='word_1_313' title='bbox 401 3550 465 3615; x_wconf 73' lang='grc' dir='ltr'>χχ,</span> <span class='ocrx_word' id='word_1_314' title='bbox 485 3545 540 3606; x_wconf 65' lang='grc' dir='ltr'>Β...</span> <span class='ocrx_word' id='word_1_315' title='bbox 678 3526 765 3595; x_wconf 88' lang='grc' dir='ltr'>ΧΧ.</span> <span class='ocrx_word' id='word_1_316' title='bbox 791 3527 843 3594; x_wconf 86' lang='lat' dir='ltr'>Eo</span> <span class='ocrx_word' id='word_1_317' title='bbox 863 3548 1108 3620; x_wconf 89' lang='lat' dir='ltr'>properemus,</span> <span class='ocrx_word' id='word_1_318' title='bbox 1136 3523 1197 3593; x_wconf 92' lang='lat' dir='ltr'>ubi</span> <span class='ocrx_word' id='word_1_319' title='bbox 1219 3518 1342 3595; x_wconf 73' lang='lat' dir='ltr'>caussae</span> <span class='ocrx_word' id='word_1_320' title='bbox 1360 3518 1428 3595; x_wconf 86' lang='lat' dir='ltr'>suae</span> <span class='ocrx_word' id='word_1_321' title='bbox 1449 3544 1559 3593; x_wconf 88' lang='lat' dir='ltr'>arcem</span> <span class='ocrx_word' id='word_1_322' title='bbox 1581 3523 1649 3616; x_wconf 28' lang='lat' dir='ltr'>viri·</span> <span class='ocrx_word' id='word_1_323' title='bbox 1671 3522 1799 3597; x_wconf 89' lang='lat' dir='ltr'>eruditi</span> <span class='ocrx_word' id='word_1_324' title='bbox 1818 3521 1928 3598; x_wconf 88' lang='lat' dir='ltr'>collo·</span> 
     </span>
     <span class='ocr_line' id='line_1_33' title="bbox 398 3617 1927 3708; baseline 0.003 -17"><span class='ocrx_word' id='word_1_325' title='bbox 398 3629 516 3703; x_wconf 63' lang='lat' dir='ltr'>precatur</span> <span class='ocrx_word' id='word_1_326' title='bbox 582 3641 690 3692; x_wconf 87' lang='lat' dir='ltr'>cant:</span> <span class='ocrx_word' id='word_1_327' title='bbox 717 3620 878 3690; x_wconf 90' lang='lat' dir='ltr'>nimirum</span> <span class='ocrx_word' id='word_1_328' title='bbox 897 3621 1061 3692; x_wconf 87' lang='lat' dir='ltr'>Rom.x:</span> <span class='ocrx_word' id='word_1_329' title='bbox 1085 3638 1142 3702; x_wconf 88' lang='lat'>17.</span> <span class='ocrx_word' id='word_1_330' title='bbox 1195 3625 1235 3693; x_wconf 88' lang='lat' dir='ltr'>In</span> <span class='ocrx_word' id='word_1_331' title='bbox 1253 3644 1372 3693; x_wconf 87' lang='lat' dir='ltr'>omnem</span> <span class='ocrx_word' id='word_1_332' title='bbox 1389 3639 1509 3691; x_wconf 83' lang='lat' dir='ltr'>terram</span> <span class='ocrx_word' id='word_1_333' title='bbox 1523 3622 1625 3691; x_wconf 82' lang='lat' dir='ltr'>exivit</span> <span class='ocrx_word' id='word_1_334' title='bbox 1636 3617 1731 3708; x_wconf 73' lang='lat' dir='ltr'>form</span> <span class='ocrx_word' id='word_1_335' title='bbox 1740 3630 1853 3695; x_wconf 78' lang='lat' dir='ltr'>corion</span> <span class='ocrx_word' id='word_1_336' title='bbox 1861 3623 1927 3695; x_wconf 70' lang='lat' dir='ltr'>&amp;o</span> 
     </span>
     <span class='ocr_line' id='line_1_34' title="bbox 402 3701 1926 3812; baseline 0.002 -24"><span class='ocrx_word' id='word_1_337' title='bbox 402 3701 513 3767; x_wconf 52' lang='grc' dir='ltr'>ΒΜ</span> <span class='ocrx_word' id='word_1_338' title='bbox 525 3714 628 3789; x_wconf 71' lang='grc' dir='ltr'>17ἰίι</span> <span class='ocrx_word' id='word_1_339' title='bbox 641 3740 684 3788; x_wconf 90' lang='lat' dir='ltr'>ne</span> <span class='ocrx_word' id='word_1_340' title='bbox 704 3711 760 3787; x_wconf 90' lang='lat' dir='ltr'>hic</span> <span class='ocrx_word' id='word_1_341' title='bbox 777 3716 920 3811; x_wconf 89' lang='lat' dir='ltr'>quidem</span> <span class='ocrx_word' id='word_1_342' title='bbox 933 3738 1004 3787; x_wconf 93' lang='lat' dir='ltr'>tam</span> <span class='ocrx_word' id='word_1_343' title='bbox 1025 3710 1186 3794; x_wconf 87' lang='lat' dir='ltr'>firmum,</span> <span class='ocrx_word' id='word_1_344' title='bbox 1216 3740 1321 3812; x_wconf 86' lang='lat' dir='ltr'>quam</span> <span class='ocrx_word' id='word_1_345' title='bbox 1341 3710 1493 3812; x_wconf 89' lang='lat' dir='ltr'>sperant,</span> <span class='ocrx_word' id='word_1_346' title='bbox 1520 3711 1713 3811; x_wconf 83' lang='lat' dir='ltr'>praefidium</span> <span class='ocrx_word' id='word_1_347' title='bbox 1732 3718 1926 3791; x_wconf 83' lang='lat' dir='ltr'>inveniunt.</span> 
     </span>
     <span class='ocr_line' id='line_1_35' title="bbox 418 3808 1923 3909; baseline 0.002 -27"><span class='ocrx_word' id='word_1_348' title='bbox 418 3832 420 3835; x_wconf 85' lang='grc'><strong><em>·</em></strong></span> <span class='ocrx_word' id='word_1_349' title='bbox 578 3818 664 3888; x_wconf 88' lang='lat' dir='ltr'>Non</span> <span class='ocrx_word' id='word_1_350' title='bbox 693 3808 805 3882; x_wconf 87' lang='lat' dir='ltr'>dicam</span> <span class='ocrx_word' id='word_1_351' title='bbox 829 3835 918 3883; x_wconf 88' lang='lat' dir='ltr'>nunc</span> <span class='ocrx_word' id='word_1_352' title='bbox 943 3808 1230 3908; x_wconf 83' lang='lat' dir='ltr'>praestantislimos</span> <span class='ocrx_word' id='word_1_353' title='bbox 1251 3813 1499 3908; x_wconf 86' lang='lat' dir='ltr'>Scripturarum</span> <span class='ocrx_word' id='word_1_354' title='bbox 1529 3819 1735 3909; x_wconf 87' lang='lat' dir='ltr'>Interpretes</span> <span class='ocrx_word' id='word_1_355' title='bbox 1756 3814 1923 3894; x_wconf 85' lang='lat' dir='ltr'>inveniri,</span> 
     </span>
     <span class='ocr_line' id='line_1_36' title="bbox 580 3905 1925 4012; baseline 0.004 -33"><span class='ocrx_word' id='word_1_356' title='bbox 580 3908 641 4006; x_wconf 91' lang='lat' dir='ltr'>qui</span> <span class='ocrx_word' id='word_1_357' title='bbox 653 3905 827 4003; x_wconf 91' lang='lat' dir='ltr'>probabili</span> <span class='ocrx_word' id='word_1_358' title='bbox 854 3907 985 3979; x_wconf 86' lang='lat' dir='ltr'>ratione</span> <span class='ocrx_word' id='word_1_359' title='bbox 1011 3905 1244 3988; x_wconf 87' lang='lat' dir='ltr'>contendunt,</span> <span class='ocrx_word' id='word_1_360' title='bbox 1273 3933 1311 3978; x_wconf 89' lang='lat' dir='ltr'>ea</span> <span class='ocrx_word' id='word_1_361' title='bbox 1338 3906 1434 3981; x_wconf 87' lang='lat' dir='ltr'>Pauli</span> <span class='ocrx_word' id='word_1_362' title='bbox 1463 3907 1564 3980; x_wconf 88' lang='lat' dir='ltr'>verba</span> <span class='ocrx_word' id='word_1_363' title='bbox 1591 3923 1661 3981; x_wconf 81' lang='lat' dir='ltr'>no&#39;n</span> <span class='ocrx_word' id='word_1_364' title='bbox 1683 3907 1727 3980; x_wconf 83' lang='lat' dir='ltr'>de</span> <span class='ocrx_word' id='word_1_365' title='bbox 1745 3908 1925 4012; x_wconf 83' lang='lat' dir='ltr'>Evangelii</span> 
     </span>
     <span class='ocr_line' id='line_1_37' title="bbox 492 3998 1927 4104; baseline 0.001 -28"><span class='ocrx_word' id='word_1_366' title='bbox 492 4005 507 4050; x_wconf 69' lang='lat'><strong>⁴</strong></span> <span class='ocrx_word' id='word_1_367' title='bbox 578 4004 848 4104; x_wconf 85' lang='lat' dir='ltr'>praedicatione,</span> <span class='ocrx_word' id='word_1_368' title='bbox 877 3998 934 4073; x_wconf 88' lang='lat' dir='ltr'>sed</span> <span class='ocrx_word' id='word_1_369' title='bbox 964 4002 1007 4074; x_wconf 89' lang='lat' dir='ltr'>de</span> <span class='ocrx_word' id='word_1_370' title='bbox 1032 4024 1161 4075; x_wconf 88' lang='lat' dir='ltr'>naturae</span> <span class='ocrx_word' id='word_1_371' title='bbox 1184 3999 1422 4086; x_wconf 85' lang='lat' dir='ltr'>institutione,</span> <span class='ocrx_word' id='word_1_372' title='bbox 1450 4003 1675 4103; x_wconf 86' lang='lat' dir='ltr'>intelligenda</span> <span class='ocrx_word' id='word_1_373' title='bbox 1706 4000 1783 4080; x_wconf 87' lang='lat' dir='ltr'>else.</span> <span class='ocrx_word' id='word_1_374' title='bbox 1844 4013 1927 4081; x_wconf 88' lang='lat' dir='ltr'>Nou</span> 
     </span>
     <span class='ocr_line' id='line_1_38' title="bbox 499 4093 1926 4199; baseline 0.002 -28"><span class='ocrx_word' id='word_1_375' title='bbox 499 4182 511 4189; x_wconf 21' lang='grc' dir='ltr'><strong><em>η</em></strong></span> <span class='ocrx_word' id='word_1_376' title='bbox 579 4099 692 4171; x_wconf 84' lang='lat' dir='ltr'>dicam</span> <span class='ocrx_word' id='word_1_377' title='bbox 711 4093 772 4170; x_wconf 86' lang='lat' dir='ltr'>esse</span> <span class='ocrx_word' id='word_1_378' title='bbox 796 4146 807 4180; x_wconf 88' lang='lat'>‚</span> <span class='ocrx_word' id='word_1_379' title='bbox 842 4099 967 4196; x_wconf 92' lang='lat' dir='ltr'>quide</span> <span class='ocrx_word' id='word_1_380' title='bbox 992 4098 1172 4197; x_wconf 88' lang='lat' dir='ltr'>Evangelii</span> <span class='ocrx_word' id='word_1_381' title='bbox 1193 4100 1337 4197; x_wconf 90' lang='lat' dir='ltr'>quidem</span> <span class='ocrx_word' id='word_1_382' title='bbox 1366 4101 1609 4198; x_wconf 84' lang='lat' dir='ltr'>praedicatione</span> <span class='ocrx_word' id='word_1_383' title='bbox 1630 4124 1842 4199; x_wconf 89' lang='lat' dir='ltr'>exponunt,</span> <span class='ocrx_word' id='word_1_384' title='bbox 1871 4098 1926 4176; x_wconf 88' lang='lat' dir='ltr'>sed</span> 
     </span>
     <span class='ocr_line' id='line_1_39' title="bbox 580 4190 1928 4297; baseline 0.004 -28"><span class='ocrx_word' id='word_1_385' title='bbox 580 4222 660 4295; x_wconf 80' lang='lat' dir='ltr'>quae</span> <span class='ocrx_word' id='word_1_386' title='bbox 681 4194 812 4291; x_wconf 85' lang='lat' dir='ltr'>Judaeis</span> <span class='ocrx_word' id='word_1_387' title='bbox 833 4197 914 4268; x_wconf 71' lang='lat' dir='ltr'>fasta</span> <span class='ocrx_word' id='word_1_388' title='bbox 933 4190 990 4279; x_wconf 89' lang='lat' dir='ltr'>srt,</span> <span class='ocrx_word' id='word_1_389' title='bbox 1018 4222 1239 4295; x_wconf 90' lang='lat' dir='ltr'>peromnem</span> <span class='ocrx_word' id='word_1_390' title='bbox 1259 4219 1382 4271; x_wconf 86' lang='lat' dir='ltr'>terram</span> <span class='ocrx_word' id='word_1_391' title='bbox 1406 4193 1569 4297; x_wconf 78' lang='lat' dir='ltr'>dispersis.</span> <span class='ocrx_word' id='word_1_392' title='bbox 1626 4198 1729 4270; x_wconf 89' lang='lat' dir='ltr'>Dabo</span> <span class='ocrx_word' id='word_1_393' title='bbox 1750 4198 1795 4271; x_wconf 91' lang='lat' dir='ltr'>de</span> <span class='ocrx_word' id='word_1_394' title='bbox 1815 4203 1928 4273; x_wconf 83' lang='lat' dir='ltr'>Evau-</span> 
     </span>
     <span class='ocr_line' id='line_1_40' title="bbox 577 4291 1926 4404; baseline 0.007 -41"><span class='ocrx_word' id='word_1_395' title='bbox 577 4292 673 4404; x_wconf 87' lang='lat' dir='ltr'>gelio</span> <span class='ocrx_word' id='word_1_396' title='bbox 707 4291 867 4387; x_wconf 88' lang='lat' dir='ltr'>gentibus</span> <span class='ocrx_word' id='word_1_397' title='bbox 894 4294 1077 4389; x_wconf 88' lang='lat' dir='ltr'>praedicato</span> <span class='ocrx_word' id='word_1_398' title='bbox 1094 4294 1182 4396; x_wconf 91' lang='lat' dir='ltr'>agi,</span> <span class='ocrx_word' id='word_1_399' title='bbox 1219 4297 1255 4367; x_wconf 73' lang='grc' dir='ltr'><strong>δι</strong></span> <span class='ocrx_word' id='word_1_400' title='bbox 1302 4294 1528 4368; x_wconf 84' lang='lat' dir='ltr'>raedicationis</span> <span class='ocrx_word' id='word_1_401' title='bbox 1546 4293 1639 4369; x_wconf 88' lang='lat' dir='ltr'>istius</span> <span class='ocrx_word' id='word_1_402' title='bbox 1657 4294 1926 4394; x_wconf 85' lang='lat' dir='ltr'>amplitudinem</span> 
     </span>
     <span class='ocr_line' id='line_1_41' title="bbox 578 4321 1926 4510; baseline -0.001 -44"><span class='ocrx_word' id='word_1_403' title='bbox 578 4391 622 4466; x_wconf 87' lang='lat' dir='ltr'>ris</span> <span class='ocrx_word' id='word_1_404' title='bbox 649 4388 793 4468; x_wconf 85' lang='lat' dir='ltr'>describi</span> <span class='ocrx_word' id='word_1_405' title='bbox 821 4388 964 4510; x_wconf 64' lang='lat' dir='ltr'>verbig,</span> <span class='ocrx_word' id='word_1_406' title='bbox 991 4417 1100 4494; x_wconf 87' lang='lat' dir='ltr'>quae,</span> <span class='ocrx_word' id='word_1_407' title='bbox 1126 4416 1147 4471; x_wconf 82' lang='lat' dir='ltr'>a</span> <span class='ocrx_word' id='word_1_408' title='bbox 1174 4321 1310 4471; x_wconf 81' lang='lat' dir='ltr'>Davide</span> <span class='ocrx_word' id='word_1_409' title='bbox 1336 4391 1380 4469; x_wconf 83' lang='lat' dir='ltr'>de</span> <span class='ocrx_word' id='word_1_410' title='bbox 1399 4386 1581 4474; x_wconf 80' lang='lat' dir='ltr'>universali</span> <span class='ocrx_word' id='word_1_411' title='bbox 1610 4391 1687 4471; x_wconf 85' lang='lat' dir='ltr'>coeli</span> <span class='ocrx_word' id='word_1_412' title='bbox 1713 4390 1926 4471; x_wconf 81' lang='lat' dir='ltr'>institutione</span> 
     </span>
    </p>
   </div>
   <div class='ocr_carea' id='block_1_4' title="bbox 1800 4489 1926 4591">
    <p class='ocr_par' dir='ltr' id='par_1_6' title="bbox 1800 4489 1926 4591">
     <span class='ocr_line' id='line_1_42' title="bbox 1800 4489 1926 4591; baseline 0.071 -23"><span class='ocrx_word' id='word_1_413' title='bbox 1800 4489 1926 4591; x_wconf 58' lang='lat' dir='ltr'>dish,</span> 
     </span>
    </p>
   </div>
   <div class='ocr_carea' id='block_1_5' title="bbox 0 0 2338 5442">
    <p class='ocr_par' dir='ltr' id='par_1_7' title="bbox 0 0 2338 5442">
     <span class='ocr_line' id='line_1_43' title="bbox 0 0 2338 5442; baseline 0 0"><span class='ocrx_word' id='word_1_414' title='bbox 0 0 2338 5442; x_wconf 95' lang='lat' dir='ltr'> </span> 
     </span>
    </p>
   </div>
  </div>
 </body>
</html>
