4667 5442
637 699 640 714 ἦ
748 730 835 826 Dr
881 730 1191 828 Fouornr
1243 726 1539 830 Gnarrir.
1727 736 1825 869 643
1952 870 1954 878 Ι

470 893 562 974 loris
583 891 729 988 iustitia,
756 920 825 969 non
850 893 1006 995 posseab
1026 896 1140 970 cledis
1162 892 1270 968 ullam
1287 896 1521 972 conditionem
1541 903 1679 999 proprie
1700 899 1824 976 didam

473 997 609 1165 ”lli
625 990 773 1164 sul}
789 995 1212 1165 lss'ffln‘tffntnffl?
1233 993 1685 1186 lilffioiiil‘ll}
1729 1098 1828 1170 ,na

473 1213 549 1266 uon
569 1182 673 1261 semel
696 1188 837 1260 nomine
856 1188 1065 1262 Testamenti
1073 1135 1237 1285 designel.
1289 1117 1677 1264 Tenarlientumautern
1693 1117 1740 1266 egil
1758 1193 1828 1267 im·
1893 1119 1947 1182 n

475 1284 646 1360 mutabile
666 1286 733 1356 Dei
751 1280 930 1357 confilium
948 1308 968 1358 a
989 1282 1084 1358 nulla
1112 1277 1309 1380 suspensum
1333 1284 1561 1361 conditione:
1590 1286 1688 1383 quod
1738 1313 1828 1365 uum

472 1405 619 1456 ornnem
650 1377 745 1454 suam
774 1376 971 1456 firmitatem
990 1377 1113 1453 habeat
1133 1405 1155 1451 a
1175 1400 1289 1452 morte
1309 1377 1507 1465 testatoris,
1543 1406 1614 1456 non
1635 1403 1717 1479 pote
1771 1383 1826 1459 su-

470 1477 595 1579 spendi
612 1477 656 1551 ab
675 1477 747 1550 ulla
765 1477 965 1549 conditione
982 1502 1043 1574 per
1058 1476 1239 1551 hominem
1261 1474 1446 1572 praestanda
1467 1503 1477 1549 e
1503 1475 1689 1575 praesertim
1710 1503 1825 1578 quum

471 1575 602 1650 eodem
623 1571 826 1647 testamento
847 1598 916 1646 non
934 1576 1048 1647 minus
1070 1573 1112 1645 de
1130 1568 1197 1646 fine
1215 1573 1252 1647 &
1264 1570 1481 1647 sannjmonia
1491 1571 1657 1648 heredum
1673 1620 1686 1658 ,
1713 1599 1825 1673 quant

469 1673 520 1746 de
535 1668 607 1770 ipsa
622 1669 738 1744 salutis
758 1667 945 1744 hereditate
968 1671 1092 1745 caverit
1105 1674 1214 1745 Deus.
1264 1668 1370 1745 Unde
1384 1669 1537 1769 estquod
1552 1670 1699 1746 formula
1709 1670 1824 1746 foede-

470 1772 523 1845 ris
541 1770 644 1842 meris
665 1766 874 1865 quandoque
900 1765 1212 1867 pollicitationibus
1240 1761 1447 1845 absolvatur.
1469 1770 1677 1867 Jer.xxx1:
1702 1790 1760 1862 33.
1783 1774 1823 1846 &

468 1889 566 1942 xxxi
580 1889 610 1938 1:
650 1873 688 1946 8,
763 1910 774 1945 ,
821 1889 856 1936 o.

576 1888 654 2035 Vll.
682 1886 819 2057 Nleipuil
830 1958 917 2032 illud
939 1963 1225 2041 controvertitur,
1253 1960 1352 2056 quod
1368 1959 1429 2034 illa
1440 1957 1531 2058 ipsa,
1558 1984 1743 2059 quaecerto
1761 1989 1817 2038 re·
1862 1979 1930 2045 vn,

470 2057 590 2138 seiiu
611 2058 857 2131 conditionesa
881 2054 1086 2154 quibusdam
1116 2058 1306 2139 dicuntur,
1332 2058 1401 2130 alio
1421 2056 1570 2155 respestu
1598 2058 1642 2132 ad
1658 2056 1820 2136 beneficia

486 2155 611 2231 oedcris
629 2155 833 2251 pertineant.
884 2161 978 2226 Nam
994 2156 1031 2227 &
1051 2153 1158 2252 ipsam
1177 2148 1435 2249 refipiscentiam
1451 2180 1489 2228 ac
1508 2151 1611 2228 fidem
1622 2201 1634 2237 ,
1661 2160 1698 2231 δι
1718 2182 1818 2230 novae

468 2256 554 2328 vitae
573 2254 737 2333 initium,
764 2246 975 2349 progressum
987 2252 1104 2324 &non
1121 2250 1312 2324 intercisam
1327 2252 1642 2333 continuationem,
1669 2276 1740 2325 non
1750 2253 1819 2326 mi-

469 2373 539 2424 nus
556 2373 662 2445 quam
679 2346 814 2419 beatam
833 2346 929 2420 illius
948 2346 1279 2421 consummationem
1300 2347 1424 2420 eodem
1444 2346 1568 2421 foedere
1594 2352 1691 2421 Deus
1710 2347 1819 2446 polli-

467 2469 566 2524 cetur
584 2473 594 2519 ε
621 2465 660 2517 ut
677 2468 720 2517 ex
733 2443 840 2515 modo
858 2443 1013 2543 allegatis
1060 2446 1195 2518 eremiae
1216 2446 1385 2517 vaticiniis
1403 2443 1528 2541 liquet.

572 2548 665 2615 Vlll.
693 2546 737 2613 Et
754 2541 842 2612 illud
862 2564 1033 2614 certume
1077 2546 1233 2622 ,Deum
1252 2535 1417 2635 sapienter
1440 2541 1685 2615 admodum&
1710 2537 1817 2615 sande
1860 2555 1940 2620 vm.

468 2643 522 2728 ita
536 2632 731 2718 inllituille,
758 2659 798 2708 ut
818 2661 922 2708 nemo
942 2637 985 2709 ad
998 2632 1349 2808 salutemperveniret
1363 2632 1423 2708 nist
1436 2638 1490 2710 via
1502 2631 1816 2710 fideiusantumo·

466 2740 561 2820 niae,
585 2757 689 2834 atque
704 2758 746 2805 eo
762 2732 883 2805 ordine
895 2732 1131 2830 promissiones
1155 2757 1216 2805 uas
1232 2726 1449 2828 disposuisse,
1477 2753 1516 2805 ut
1525 2734 1655 2806 nemini
1670 2732 1814 2809 ulterius

463 2837 505 2909 dc
526 2832 705 2931 perfectius
721 2831 852 2902 bonum
866 2830 1082 2928 obtingeret,
1103 2828 1164 2905 nist
1184 2830 1247 2928 qui
1267 2827 1541 2902 antecedentium
1552 2828 1813 2927 promissionum

464 2933 538 3025 jam
557 2929 661 3002 sacius
674 2923 752 2999 ellet
764 2950 920 3024 compos.
971 2927 1060 3002 Fieri
1080 2930 1252 3001 enimnon
1262 2922 1397 3025 potest,
1423 2947 1463 3001 ut
1478 2928 1558 3026 quis
1570 2922 1637 3000 fine
1653 2921 1721 3003 fide
1731 2930 1813 3001 Deo

464 3029 620 3130 placeat,
647 3019 714 3097 sme
728 3020 945 3097 sanctimonia
961 3027 1079 3097 Deum
1094 3024 1222 3099 videat.

565 3126 632 3199 lX.
658 3124 820 3219 Denique
839 3122 956 3221 negari
975 3146 1045 3195 non
1067 3122 1201 3217 potest,
1225 3123 1311 3219 quin
1332 3123 1504 3220 Scriptura
1524 3120 1650 3198 alicubi
1675 3120 1807 3196 formu·
1851 3145 1905 3212 ιχ,

465 3219 539 3298 lam
569 3220 704 3294 foederis
722 3221 840 3318 gratiae
862 3218 1087 3293 conditionali
1114 3220 1262 3295 carmine
1289 3216 1478 3294 exhibeat:
1505 3224 1612 3293 Rom.
1634 3245 1679 3293 xe
1704 3227 1747 3300 8,
1768 3242 1804 3310 9.

469 3325 542 3395 Hoc
570 3317 611 3401 est
630 3323 763 3389 verbum
775 3313 856 3405 fidei
877 3319 960 3412 quod
980 3319 1216 3413 predicamus:
1254 3342 1288 3389 ει
1315 3341 1525 3389 rnorussur
1562 3334 1698 3387 rurnrs
1729 3339 1804 3386 ons

468 3441 549 3490 'ruo
576 3420 781 3485 Donmun
807 3416 967 3508 Jrsuu,
1003 3413 1042 3483 &
1070 3431 1116 3482 na
1151 3436 1281 3484 conor
1317 3436 1396 3485 τυο
1431 3434 1669 3484 cnrurornrt
1698 3434 1805 3501 ouon

462 3517 571 3588 Drus
601 3532 683 3580 uum
711 3523 950 3578 suscrrnvtr
973 3530 1021 3577 ux
1043 3529 1245 3587 nonrurr,
1270 3504 1615 3605 arsuruanoh.
1630 3525 1805 3587 x111217.

461 3613 501 3682 Si
517 3608 578 3678 bac
594 3605 771 3683 roverito,
792 3598 879 3675 beati
895 3599 1067 3691 tristifica
1077 3597 1230 3691 fecericri.
1248 3599 1377 3676 Rursus
1389 3624 1484 3678 xcv:
1502 3623 1562 3694 23.
1614 3606 1650 3674 Si
1659 3603 1808 3699 quidili-

455 3709 510 3806 gc't
523 3728 595 3787 me,
615 3699 788 3790 sermonem
806 3720 908 3772 meum
923 3693 1129 3786 observabit,
1152 3698 1197 3773 Θ*
1214 3705 1315 3770 Pater
1337 3721 1424 3772 meuc
1444 3699 1502 3772 dili
1520 3716 1554 3772 et
1571 3722 1640 3772 eum
1662 3744 1675 3785 ,
1699 3702 1741 3775 ci*
1761 3702 1804 3773 aa

462 3827 536 3878 eum
551 3803 734 3878 veniemus,
753 3798 796 3871 o*
819 3798 902 3893 apua
919 3818 991 3868 tm
1003 3790 1226 3869 tanturm.
1273 3797 1317 3868 Et
1335 3791 1377 3868 src
1398 3795 1481 3870 alibi
1497 3722 1633 3893 lopiac.
1685 3801 1804 3893 Atque

462 3899 533 3980 boc
551 3892 645 3971 sensu
667 3892 822 3969 conditio
833 3893 952 3988 aliqua
966 3892 1003 3964 in
1021 3889 1148 3966 sedere
1209 3894 1286 3966 aciae
1297 3892 1510 3967 admittenda
1529 3888 1577 3966 est
1599 3916 1610 3978 3
1635 3914 1805 3991 quatenus

461 4017 561 4072 notat
580 3995 733 4066 officium
751 4015 797 4066 ex
825 3987 1001 4063 voluntate
1019 3989 1089 4062 Dei
1110 4033 1123 4074 ,
1158 4013 1179 4062 a
1222 3987 1393 4074 homine,
1432 3989 1673 4066 convenienter
1692 3989 1805 4064 indoli

461 4093 558 4169 istius
576 4089 712 4165 foederis
723 4083 968 4186 proeslandum,
994 4106 1179 4183 antequam
1191 4082 1433 4161 consummatae
1444 4079 1806 4181 salutispollessionem

463 4190 577 4265 adeat.
628 4189 665 4264 si
684 4185 788 4260 inlris
807 4183 969 4258 omnibus
987 4177 1166 4260 consensus
1187 4178 1248 4265 stt,
1276 4184 1327 4256 uti
1351 4180 1449 4281 spero
1470 4211 1480 4258 t
1512 4184 1656 4260 vestram
1669 4183 1802 4265 Fidem,

464 4293 621 4368 Fratres,
649 4282 737 4383 quid
758 4274 1150 4452 estffisuperboc
1172 4280 1282 4378 capite
1299 4280 1467 4381 litigetis?
1744 4277 1751 4292 “

564 4387 614 4458 Χ.
639 4381 776 4462 Lubet,
893 4377 900 4391 '
966 4374 1047 4450 loco
1055 4417 1070 4459 ,
1094 4371 1258 4470 subjicere
1266 4376 1521 4474 praestantilsuni
1533 4379 1694 4454 Meri
1703 4369 1842 4478 superx,
1864 4391 1937 4456 cna

459 4474 762 4560 haccontrouersia
783 4471 1008 4556 sententiam,
1027 4472 1072 4545 dc
1087 4497 1158 4573 qua
1176 4472 1301 4550 eruditi
1316 4473 1479 4565 judicent.
1530 4482 1564 4552 ls
1584 4499 1667 4576 ergo
1686 4469 1951 4567 contrat-irrisu·

461 4577 712 4656 Bellarminum
729 4569 790 4647 dis
805 4593 907 4646 urana
922 4566 1181 4655 amomum
1203 4593 1287 4648 111a
1299 4569 1356 4647 liic
1374 4595 1435 4650 xv.
1447 4589 1614 4672 canuti,
1630 4572 1732 4648 docet
1743 4566 1901 4642 ve-“m
1963 4603 1966 4612 ·

459 4599 1808 4842 mmmmmquebcoimenurrrpmnopennurumwuecoeurio·
1953 4705 1956 4714 ·

1106 4787 1291 4845 mmmz
1722 4784 1804 4839 mm
