4667 5442
610 475 962 574 'INDEX
1050 483 1449 586 RERUM,

314 665 346 730 S.
358 661 516 798 §bc-pipturis
529 659 620 727 fascea
631 661 802 727 submittere
815 661 907 726 debet
917 658 1004 726 ratio.

354 763 364 798 Ι
383 763 392 798 Ι
413 783 421 800 ι

317 817 354 881 ln
372 813 492 878 liistoria
507 813 607 880 uxoria
626 818 691 877 Loti
714 814 789 876 ratio
804 810 880 875 nihil
894 811 1008 876 invenit

359 892 440 976 quod
459 891 599 953 horreat:
626 894 687 964 158.
709 910 799 971 quum
819 887 932 956 &aliae
945 908 1008 950 inu-

353 969 484 1032 fltlones
507 966 577 1029 huic
601 965 824 1048 quodammodo
849 961 959 1028 similes
978 967 1008 1026 ln

354 1061 456 1106 natura
475 1042 669 1106 inveniantur.
692 1044 758 1103 ibid.
1002 1113 1008 1125 ·

318 1117 409 1182 Circa
425 1117 547 1181 rationis
565 1117 645 1180 usum
664 1117 695 1179 in
715 1120 802 1179 rebus
824 1115 894 1179 fidei
918 1114 1008 1198 aliqui

356 1194 386 1258 in
401 1191 512 1258 excessu
526 1212 671 1278 peccant,
691 1192 740 1258 alii
753 1197 782 1256 in
802 1191 930 1256 defectu.
940 1195 1010 1267 458,

378 1286 423 1343 5⁹.

319 1285 423 1410 Hicin
438 1367 469 1409 re
485 1347 615 1408 medium
631 1365 732 1408 tenere
743 1346 920 1408 tutiffimum.
943 1345 1011 1405 ibid.

318 1423 502 1506 Praecogiiita
512 1423 547 1484 ad
564 1426 619 1484 tite
631 1420 816 1484 formandum
828 1420 932 1484 ilatum
945 1440 1014 1481 con-

357 1496 503 1564 trovcrfiae
518 1498 593 1559 circa
607 1498 688 1559 usum
706 1497 828 1561 rationis
840 1498 870 1559 in
882 1499 968 1559 rebus
981 1495 1014 1556 fi·

291 1575 296 1584 '
358 1575 427 1714 pppis
449 1589 535 1706 4592
547 1583 614 1648 4⁶0·
636 1577 668 1636 &
695 1594 783 1638 verus
809 1570 1014 1637 controversiae

401 1669 459 1714 tus.
481 1653 518 1706 iai
538 1693 546 1710 .

322 1731 359 1796 ln
374 1726 491 1792 nemine
504 1724 692 1795 mortalium,
715 1723 734 1786 si
750 1746 805 1808 pro
818 1721 988 1788 facultates
1003 1763 1015 1773 -

359 1822 477 1871 matur,
499 1802 614 1882 prorsus
626 1803 667 1865 eli
682 1801 772 1865 tedia.
793 1804 859 1864 ibid.
882 1805 917 1862 di*
929 1811 1013 1888 4⁶!·.

322 1877 371 1946 Ab
387 1879 468 1941 omui
479 1897 579 1940 errore
597 1921 605 1942 ‚
650 1878 815 1942 uantuinvis
828 1879 950 1947 nitatur,
962 1878 1014 1939 libi

361 1975 465 2020 cavere
479 1974 538 2017 non
556 1897 660 2038 poteii.
684 1957 751 2016 ibid.

323 2031 407 2096 Solet
422 2037 548 2093 maxime
563 2032 640 2093 circa
656 2050 701 2092 ies
718 2030 861 2095 Divinas,
883 2027 1016 2115 quamvia

360 2107 473 2189 alioqui
496 2107 699 2176 solertissima,
734 2128 829 2169 errare
852 2129 859 2170 ε
882 2111 948 2168 ibid.
970 2125 1015 2166 cui

361 2183 546 2264 'corruptioni
565 2181 702 2246 tollentia
720 2183 799 2245 nulla
812 2199 930 2245 externa
944 2187 1018 2246 veri·

363 2277 455 2324 tatum
465 2263 638 2324 Divinarum
648 2257 751 2321 sufficit
761 2257 935 2342 propositio.
951 2260 1017 2320 ibid.

323 2335 412 2404 Unde
427 2354 525 2428 pateat
540 2338 686 2400 rationein
696 2335 727 2398 in
740 2333 813 2424 llatu
823 2334 946 2398 naturali
959 2356 1018 2398 non

364 2407 677 2550 eggidoneamretum
687 2411 1017 2478 Divinarumarbitram.

364 2513 373 2548 1
422 2533 431 2552 Ι

324 2563 398 2639 at,
417 2565 489 2630 licet
503 2585 670 2650 corrupta,
703 2565 789 2630 unica
814 2560 938 2630 facultas
957 2585 1021 2649 quat

366 2663 413 2706 ret
430 2641 554 2706 Divinas
568 2640 731 2724 cognoscit.
752 2651 820 2713 462.

326 2721 444 2784 tornat
459 2737 495 2780 ex
513 2717 624 2780 residua
644 2717 697 2779 sibi
712 2719 778 2780 luce
789 2720 934 2780 axiomata
946 2736 1020 2798 que«

367 2791 434 2860 darn
453 2791 655 2856 incontestatae
678 2793 830 2862 veritatis,
849 2797 916 2856 ibid.
937 2799 969 2857 δι’
986 2815 1020 2856 ex

366 2867 404 2934 iis
419 2865 553 2950 quasdam
574 2868 698 2931 deducit
719 2866 921 2932 conclusiones
933 2866 1021 2951 liqui-

364 2943 490 3012 dissimae
501 2985 512 3016 ,
534 2964 598 3039 quat
616 2943 706 3008 Reda
728 2946 813 3008 Ratio
834 2946 943 3009 merito
962 2948 1022 3010 dici

286 3051 288 3056 ·
365 3015 499 3109 possunt,
512 3023 579 3108 ibid.
601 3020 793 3108 imo'&Dei‚
814 3025 1022 3104 pernitionem

365 3097 527 3168 docentis,
547 3093 727 3162 didamina:
755 3099 820 3160 ibid.
845 3119 905 3160 non
925 3097 963 3166 stc
981 3117 1024 3163 ra.

367 3195 455 3244 men,
479 3173 875 3270 utparveritatiscertitudo
891 3175 929 3236 iis
943 3197 1022 3239 com·
1131 3187 1147 3250 j

365 3271 449 3336 petat
465 3269 498 3312 ac
512 3259 540 3313 δ.
558 3251 723 3332 Scriptura.
744 3253 811 3312 ibid.
829 3255 864 3312 (a
885 3258 951 3325 463,

1127 659 1224 731 ratio,
1235 679 1310 806 8qne
1320 657 1483 723 terminari
1498 651 1610 742 potest
1619 673 1792 723 mortemer·

1127 757 1174 802 na.
1255 781 1264 798 .

1088 813 1175 952 &uid
1200 831 1225 875 it
1244 815 1448 894 regeneratio.
1469 829 1493 888 4
1541 856 1551 873 .

1153 890 1265 951 bonum
1279 889 1416 952 Foederia
1424 883 1549 952 Gratiae
1566 883 1657 971 quod
1669 885 1791 970 Baptista

1129 962 1305 1050 significatur
1319 971 1351 1030 &
1368 963 1574 1050 obfignatut.
1596 965 1671 1024 ibid.

1092 1039 1271 1182 (qomplex
1286 1038 1791 1124 deordineregenetationis'l'bea

1184 1137 1270 1181 orum
1287 1115 1322 1180 lit
1336 1115 1505 1181 sententia.
1530 1131 1616 1203 492..
1673 1191 1681 1204 ·

1092 1199 1145 1256 Mo
1167 1193 1242 1256 eiliat
1262 1194 1347 1256 litare
1368 1191 1527 1257 videntur
1559 1212 1618 1276 qui
1653 1213 1682 1255 ei
1706 1193 1790 1256 millet

1132 1288 1245 1404 cippum
1259 1267 1406 1352 temporie
1414 1269 1642 1334 determinant
1653 1271 1788 1333 articulat.

1132 1371 1141 1404 1
1192 1389 1199 1403 ·

1093 1427 1143 1485 An
1155 1420 1243 1504 poffit
1254 1419 1367 1508 habere
1378 1417 1492 1484 locum
1505 1421 1542 1484 in
1555 1419 1734 1494 infantibus,
1742 1437 1786 1508 493,

1131 1513 1199 1572 494
1221 1501 1254 1559 ἃ
1268 1518 1306 1560 aii
1331 1499 1368 1558 iis
1392 1497 1435 1560 ad
1458 1497 1602 1562 salutem
1623 1501 1748 1566 absolute
1766 1517 1787 1562 at

1133 1569 1298 1638 necessaria.
1315 1573 1384 1635 ibid.

1094 1655 1143 1713 An
1162 1655 1231 1713 Deo
1246 1649 1374 1712 liberum
1400 1647 1441 1714 sit
1460 1651 1714 1734 regenerationis
1724 1653 1785 1734 gerii

1133 1726 1328 1790 donare'non
1352 1725 1545 1808 baptizatos
1566 1769 1578 1800 ‚
1602 1745 1680 1806 494,
1699 1733 1784 1804 aii-it

1135 1824 1171 1865 an
1183 1799 1338 1886 probabile
1353 1840 1366 1890 3
1385 1803 1490 1896 quod·
1501 1804 1669 1870 ordinarie
1682 1805 1716 1867 ita
1727 1803 1783 1867 satia·

1136 1879 1214 1942 circa
1229 1898 1282 1944 eos
1294 1880 1345 1960 qui
1356 1899 1388 1942 in
1399 1877 1548 1944 infantia
1562 1887 1783 1950 moriuntur-'nr

1133 1965 1201 2028 496·

1096 2029 1162 2111 Qi
1176 2029 1414 2110 regenerationis
1434 2033 1527 2098 ordo
1545 2032 1577 2098 se
1596 2035 1703 2099 habeat
1717 2029 1782 2110 reri-e·

1135 2109 1185 2169 eiu
1201 2127 1304 2169 eorum
1320 2109 1371 2192 qui
1390 2107 1605 2177 adolescunt.
1627 2122 1761 2193 4962491·

1099 2184 1250 2245 Sententia
1268 2183 1370 2248 Voetii
1397 2187 1443 2250 de
1461 2191 1704 2272 regeneratione
1716 2189 1782 2250 iurat·

1135 2260 1210 2322 tium
1220 2259 1382 2324 electorum
1400 2283 1444 2326 ex
1457 2259 1639 2331 foederatis
1650 2263 1783 2348 parturibat

1135 2354 1284 2399 ortorum.
1305 2351 1370 2414 497.

1098 2411 1244 2476 Prastruit
1257 2415 1407 2497 Baptismo
1424 2423 1696 2500 regenerationem
1713 2417 1780 2480 liaii·

1138 2491 1187 2572 gia
1199 2489 1326 2576 Belgica.
1349 2493 1421 2554 ibid.

1100 2563 1252 2653 Amyraldi
1271 2565 1419 2632 sententia
1443 2568 1488 2632 de
1515 2575 1730 2658 regeneratione
1746 2569 1776 2628 i:-

1138 2643 1283 2712 fantium,
1305 2649 1337 2708 &
1351 2645 1404 2726 qui
1422 2644 1602 2713 refutetur.
1622 2655 1676 2722 498
1691 2647 1771 2721 ε’·,έὶςῖῖι

1100 2722 1284 2810 Argumenta
1298 2740 1403 2782 eorum
1418 2723 1683 2812 Theologotum,
1698 2723 1733 2808 qu'
1741 2739 1773 2812 ie·

1137 2813 1389 2884 generationem,
1409 2801 1487 2885 'ipso
1511 2806 1656 2884 Baptilmi
1677 2815 1773 2866 anuuit,

1138 2869 1286 2936 ordinarie
1305 2871 1482 2941 infantibus
1510 2877 1646 2943 conferri
1670 2893 1776 2958 puteat,

1139 2961 1211 3026 502,
1223 2963 1292 3039 503·
1314 2970 1491 3039 ‘Quinque
1522 2954 1662 3020 refutatio
1677 2945 1778 3039 ei‘rrizi·

1139 3027 1485 3115 moniitSScripturae,
1513 3037 1646 3100 Parrum,
1664 3036 1781 3094 &tratr-

1141 3119 1201 3182 giis
1216 3119 1275 3164 tam
1289 3100 1405 3168 Gallica
1426 3125 1532 3190 quam
1553 3107 1665 3192 Belgica.
1686 3119 1741 3182 5³4·
1753 3117 1781 3163 (ι’

1101 3195 1408 3338 Qiilqbonfeisronir
1429 3260 1624 3400 Augustam:
1638 3265 1735 3322 tratres
1753 3253 1781 3316 it

328 3329 429 3396 Habet
442 3327 602 3412 aliquando
618 3345 673 3410 pro
687 3343 787 3407 aperta
803 3328 949 3398 veritate,
971 3329 1022 3394 tibi
1139 3349 1172 3392 te
1194 3333 1372 3395 enerationis
1387 3339 1493 3398 atticu
1511 3359 1535 3398 o
1549 3337 1682 3402 sentiant.
1701 3335 1752 3402 its.

369 3403 444 3468 latet
458 3425 568 3473 error,
590 3405 621 3466 δι
640 3403 712 3484 sepe
725 3409 809 3483 putat
829 3403 941 3485 aliquid
954 3428 1022 3469 cum
1065 3405 1161 3482 Reges.
1215 3408 1245 3468 bi
1266 3427 1350 3492 reges
1363 3413 1548 3494 antiquitus
1558 3417 1610 3492 jus
1622 3416 1777 3478 diminuta

366 3480 521 3569 perspicua
536 3499 661 3547 veritate
681 3499 810 3562 pugnare
824 3519 833 3550 ‚
856 3480 937 3561 quod
950 3484 976 3544 ei
993 3505 1023 3545 a·
1066 3481 1181 3545 Rechab.
1196 3490 1316 3547 Nomen
1326 3487 1465 3550 Rechabi
1480 3493 1598 3574 quanti
1611 3491 1776 3556 intexere

367 3555 1023 3694 rpieeqprpspirar‚urdu0iusclararurexein-

368 3653 438 3714 pis.
463 3659 470 3690 r
490 3657 497 3690 i
521 3679 527 3694 .

1140 3555 1232 3623 fuerit
1251 3560 1438 3625 aelliniatum.
1467 3585 1537 3642 179.

1100 3637 1234 3718 Qando
1247 3639 1375 3708 vixerit,
1396 3638 1562 3706 incertum
1573 3643 1630 3708 ell.
1652 3645 1711 3704 abit.

329 3706 421 3772 Nefas
438 3707 480 3771 est
491 3709 598 3772 rationi
611 3708 672 3773 vim
685 3705 782 3770 facere
797 3709 826 3772 in
839 3711 1023 3793 exponendis
1100 3715 1171 3776 E'us
1186 3712 1264 3776 filius
1283 3713 1416 3796 quisnam
1444 3715 1561 3784 fuerit.
1585 3724 1656 3783 r'bfri.

367 3785 580 3868 Deieloquiis‚
602 3805 634 3848 itt
648 3786 675 3847 ei
687 3785 884 3850 urarificemur
896 3787 928 3850 in
939 3809 1023 3852 tuen·
1062 3789 1086 3844 R
1131 3791 1219 3852 abira.
1239 3795 1284 3854 Ex
1299 3811 1358 3874 qua
1374 3795 1479 3858 Getice
1491 3795 1678 3862 Rechabita
1691 3791 1782 3862 sutriae·

370 3857 416 3924 dis
435 3859 522 3940 ipsius
540 3862 678 3925 axiomati
704 3883 747 3924 tis.
769 3871 847 3933 464.¹

328 3937 400 4024 Non
413 3937 453 3998 ell
463 3935 636 3999 consulenda
655 3941 767 4002 ratioin
777 3937 957 4022 inquirendo
968 3947 1024 4004 Dl-

367 4031 505 4100 vitipruin
534 4014 690 4076 verborum
715 4015 818 4084 sensu,
840 4015 969 4098 quidex
993 4018 1021 4082 se

366 4087 405 4152 tle
418 4107 453 4151 iis
470 4086 556 4148 rebus
570 4091 669 4160 norit,
695 4092 742 4154 sed
762 4091 849 4154 unice
865 4095 1021 4158 attenden-

363 4161 455 4234 dum,
467 4165 537 4306 puid
547 4163 606 4245 ipsa
617 4167 707 4229 verba
722 4188 828 4232 notent
841 4171 921 4238 ‚ibid
937 4171 1019 4254 quod

1100 3883 1296 4078 SoiAEMoiis
1308 3941 1413 4028 Jethto
1425 3965 1466 4009 an
1484 3941 1590 4014 suerit
1605 3969 1644 4014 ex
1659 3971 1691 4016 ea
1704 3951 1787 4012 Gent-

1138 4043 1146 4076 i
1166 4043 1175 4077 Ι
1197 4064 1206 4082 ι

1099 4093 1706 4254 slisitidritiilddliididldbiiditissiadssticz
1716 4173 1788 4256 digu-

362 4259 501 4324 exempo
525 4239 678 4307 clararur.
711 4256 778 4321 465.
802 4247 833 4306 aa
860 4244 1020 4312 illustratur
1138 4267 1214 4311 tates
1228 4251 1370 4332 promoti.
1391 4251 1460 4312 ibid.

363 4315 466 4394 pulcra
495 4315 702 4380 observatione
728 4321 919 4388 Verulamii,
950 4325 1018 4387 ibid.

360 4393 505 4461 Heidani,
529 4399 598 4467 466.
624 4397 654 4458 δι
674 4396 810 4474 Cocceji.
833 4401 898 4457 ibid.

279 4465 465 4546 agonen.
483 4471 633 4544 nudetur
652 4469 717 4539 ieri
742 4473 871 4541 nominis
892 4493 1019 4558 regene-

1098 4321 1266 4388 Inllitutum
1289 4343 1393 4389 eorum
1413 4325 1500 4408 quod
1521 4349 1542 4392 a

1116 4418 1248 4480 ,perurit
1266 4440 1275 4470 ‚
1295 4399 1380 4482 quale
1395 4401 1491 4464 luerit
1501 4443 1513 4474 ,
1537 4333 1788 4496 ldidmdiiidqiicb

1137 4496 1178 4544 eo
1192 4477 1417 4550 observandum,
1437 4479 1511 4544 ibid.
1724 4561 1788 4622 Nur
