4667 5442
1514 736 1667 835 DE
1741 739 2333 835 THnoLoco
2399 733 2949 833 Monsssro.
3393 748 3597 858 709

906 893 1249 970 virtutum
1282 894 1731 974 meditatione
1769 901 1856 975 ad
1902 901 2188 974 eandem
2224 925 2352 974 nos
2386 900 2756 997 imaginem
2794 887 3091 996 gloriose
3125 893 3594 970 transformari

910 993 1290 1090 contingat.
1392 997 1598 1091 Agite
1644 999 1853 1092 igitur
1899 1043 1921 1080 ,
1994 997 2366 1071 Auditores
2404 1041 2426 1078 ,
2479 999 2552 1067 &
2594 1019 2740 1090 quo
2783 993 3002 1065 modo
3059 991 3593 1066 MODESTUS

910 1091 1530 1166 THEOLOGUS
1594 1099 1948 1166 DISCAT
1974 1139 1997 1177 ,
2052 1118 2199 1192 quo
2240 1091 2462 1167 modo
2501 1095 2912 1166 DOCEAT
2942 1135 2967 1174 ,
3022 1113 3169 1188 quo
3199 1088 3418 1164 modo
3457 1093 3598 1161 VI-

916 1183 1131 1256 vAT
1156 1229 1179 1266 ,
1233 1189 1539 1282 partitim
1574 1191 2063 1285 expendamus·

908 1375 1049 1452 ἡ,
1097 1280 3594 1476 3325?„laetataafflasset„5325232¹³1¹ffi³{31100525

904 1471 1005 1550 rit
1044 1473 1412 1556 virtutem,
1469 1479 1575 1548 cui
1616 1475 1809 1573 prisci
1853 1479 2145 1551 Romuli
2193 1499 2480 1571 nepotes
2523 1501 2776 1548 nomen
2819 1502 2956 1548 non
2996 1479 3435 1555 invenerunt,
3475 1470 3592 1544 sed

906 1591 1129 1668 quam
1166 1594 1295 1642 nos
1330 1570 1689 1645 Christiani
1725 1574 2185 1647 humilitatem
2229 1575 2550 1646 dicimus.
2653 1575 2952 1670 Propriae
2979 1575 3159 1644 enim
3199 1566 3595 1668 insipientiae

908 1666 1180 1764 agnitio
1224 1667 1491 1763 primus
1538 1669 1628 1742 est
1665 1671 1749 1742 ad
1798 1697 2028 1742 veram
2060 1666 2454 1767 sapientiam
2500 1668 2777 1766 gradus.
2879 1669 2961 1742 Id
3001 1663 3397 1742 discendum
3438 1689 3595 1738 ante

914 1763 1150 1834 omnia
1184 1809 1207 1846 ,
1290 1769 1733 1860 quantumvis
1774 1770 2192 1863 caeteroquin
2234 1765 2624 1863 polleamus
2658 1766 2935 1861 ingenio
2979 1766 3149 1837 circa
3181 1789 3288 1837 res
3324 1787 3597 1836 natura-

910 1855 1021 1932 les
1058 1859 1131 1930 &
1170 1855 1545 1948 humanas3
1597 1863 1683 1934 ad
1734 1859 2110 1960 spirituales
2152 1885 2380 1935 tamen
2433 1863 2506 1933 &
2549 1860 2815 1933 divinas
2865 1860 2984 1932 ubi
3032 1859 3402 1933 deventum
3452 1857 3588 1941 est,

912 1951 1159 2028 stultos
1200 1981 1328 2028 nos
1365 1952 1491 2028 effe
1517 2005 1539 2039 ,
1584 1958 1831 2032 bardos
1860 2007 1881 2042 ,
1938 1960 2193 2055 stipites
2223 2005 2244 2040 ,
2301 1958 2612 2032 caudices
2638 2003 2661 2039 ,
2727 1960 2800 2029 δε
2856 1980 2934 2029 ut
2991 1959 3060 2028 in
3125 1956 3594 2053 antiquissimo

906 2047 1297 2124 Istaeliticae
1323 2050 1627 2127 Ecclefiae
1657 2080 2109 2128 monumento
2148 2055 2362 2128 exstat
2381 2100 2402 2134 ,
2458 2053 2652 2125 velut
2676 2077 3093 2150 onagrorum
3114 2052 3373 2149 pullos·
3430 2056 3590 2128 Hoc

906 2143 1178 2243 Sophar
1205 2148 1327 2221 ille
1378 2152 1541 2249 Jobi
1580 2148 2010 2238 necessarius,
2065 2150 2196 2224 hoc
2240 2147 2508 2246 Asaph,
2562 2147 2696 2224 hoc
2738 2148 2968 2222 David
3013 2195 3035 2231 ,
3088 2149 3222 2222 hoc
3263 2149 3589 2231 Salomo,

902 2237 1291 2356 sapientum
1324 2250 1665 2345 principes
1709 2296 1729 2329 ,
1802 2253 2094 2345 ingenue
2143 2247 2227 2320 de
2259 2245 2473 2320 semet
2522 2241 2677 2342 ipfis
2729 2245 2998 2342 professi
3057 2241 3232 2318 sunt.
3335 2251 3593 2341 Neque

902 2337 1045 2412 alia
1083 2343 1405 2437 cuiquam
1445 2347 1837 2418 conditione
1878 2349 2197 2419 introitus
2232 2347 2301 2417 in
2338 2343 2622 2417 coelestis
2682 2341 3021 2438 sapientiae
3080 2339 3379 2414 scholam
3428 2368 3597 2415 con-

904 2434 1174 2512 ceditur
1216 2465 1233 2512 :
1290 2441 1549 2537 quippe
1595 2445 1784 2527 cujus
1824 2442 2117 2542 augustae
2142 2463 2361 2538 portae
2385 2443 2605 2512 aureis
2637 2437 3031 2534 inscriptum
3068 2429 3194 2509 esse
3221 2438 3434 2510 literis
3463 2439 3598 2510 Di-

906 2533 1151 2606 vinum
1186 2532 1318 2608 hoc
1378 2539 1570 2610 Pauli
1611 2541 1951 2612 monitum
2010 2540 2383 2612 existimate
2431 2563 2448 2608 ε
2503 2538 2905 2613 NULLUS
2955 2540 3056 2608 SE
3110 2537 3401 2610 lPSUM
3453 2538 3597 2606 SE-

902 2629 1261 2706 DUCAT
1304 2659 1343 2706 ε·
1402 2637 1477 2708 SI
1529 2638 1749 2724 QUIS
1800 2641 1967 2708 SIBI
2022 2636 2473 2709 VIDETUR
2527 2637 2734 2705 ESSE
2784 2636 3161 2704 SAPIENS
3210 2638 3316 2703 IN
3371 2634 3590 2703 HOC

904 2726 1344 2811 SECULO,
1404 2735 1855 2809 STULTUS
1910 2736 2132 2804 FIAT
2178 2777 2201 2812 ,
2260 2731 2405 2807 UT
2459 2732 2685 2802 FIAT
2733 2733 3139 2802 SAPIENS.
3240 2730 3383 2819 Qui
3415 2753 3594 2824 prae-

908 2843 1259 2920 ceptarum
1298 2851 1685 2926 arroganter
1722 2830 2131 2925 opinionum
2176 2826 2340 2901 fastu
2380 2826 2717 2899 tumidam
2757 2824 3222 2898 distenderunt
3255 2847 3590 2907 mentem,

912 2941 1055 2992 non
1097 2917 1431 2996 absimiles
1478 2928 1705 3024 pueris
1760 2921 1884 2997 esse
1925 2925 2247 2998 videntur
2291 2971 2314 3007 ,
2371 2925 2494 3021 qui
2537 2923 2769 2995 obviis
2817 2923 2888 2993 in
2943 2919 3174 2995 littore
3208 2919 3484 2997 conchis
3517 2923 3593 2994 δε

908 3015 1258 3091 umbilicis
1297 3017 1523 3096 saccos
1560 3018 1715 3096 suos
1748 3023 2137 3120 replevere,
2191 3019 2576 3119 deplendos
2613 3023 2856 3118 utique
2890 3062 2915 3099 ,
2967 3039 3047 3090 ut
3084 3022 3389 3116 argenti,
3447 3019 3596 3092 auri

908 3115 983 3186 δι
1010 3111 1351 3190 custoditu
1378 3120 1744 3218 dignorum
1772 3117 2241 3194 thesaurorum
2263 3142 2540 3216 capaces
2566 3112 2716 3191 sint.
2819 3122 2921 3188 lta
2942 3140 3267 3188 exornare
3288 3119 3598 3189 animum

910 3233 1190 3309 oportet
1218 3219 1409 3290 omni
1448 3242 1617 3291 vana
1656 3214 1949 3291 scientiae
1980 3213 2507 3315 praesumtione,
2564 3237 2642 3286 ut
2679 3238 2857 3286 verae
2878 3207 3223 3308 sapientiae
3251 3212 3446 3284 locus
3472 3236 3598 3307 pa-

906 3329 1093 3382 retur
1130 3334 1155 3395 3
1207 3335 1362 3406 quae
1393 3338 1537 3408 quo
1576 3311 1927 3411 spatiosius
1967 3315 2301 3386 invenerit
2345 3335 2636 3384 vacuum
2679 3335 2762 3381 eo
2789 3311 2862 3380 &
2903 3308 3251 3379 lubentius
3286 3309 3592 3388 intrabit,

906 3405 985 3480 &
1011 3407 1241 3500 copias
1280 3404 1425 3479 suas
1460 3409 1803 3481 liberalius
1828 3409 2231 3502 explicabit.
2336 3410 2495 3475 Hoc
2529 3405 2746 3474 modo
2765 3424 3206 3498 praeparatam
3231 3447 3254 3482 ,
3300 3407 3372 3475 &
3393 3403 3607 3474 noxia

902 3503 1498 3672 ἓξῖἐῖἳξὲἑῗὸἓό
1512 3498 2694 3672 ωἷίῗῗίὦζῗὲἷῖξᾶῗῗωᾞὲἳεὶἰῗῖιῶ
2717 3494 3288 3664 ἇὲἓῖῗῗωωῖῗέ
3295 3492 3603 3664 ῗὲῗὲιῗῗ

1519 3643 1542 3679 2
2453 3643 2468 3666 .
3002 3638 3022 3673 ,
3565 3635 3602 3650 -

896 3695 1069 3766 dam
1099 3687 1627 3792 fingendamque
1671 3625 1936 3767 {radan
1991 3694 2075 3766 ab
2105 3687 2308 3790 ipfius
2351 3715 2469 3764 ore
2505 3689 2844 3788 pendeat,
2894 3693 3268 3784 cunctaque
3309 3684 3442 3760 fine
3476 3712 3604 3761 ex-

898 3789 1225 3958 cip-tione
1254 3790 1530 3961 soraficcilala
1551 3839 1594 3960 1,—
1627 3793 1705 3961 ki'n
1729 3787 1889 3959 (qllis
1930 3816 2107 3866 nunc
2140 3785 2938 3958 utriusqulelinstrumenti
2961 3784 3215 3954 tabuilsis
3246 3783 3602 3956 exstantia}

902 3911 951 3960 o
1036 3911 1069 3954 e
1132 3909 1247 3956 uio
1281 3911 1320 3960 a
1455 3914 1515 3960 ex
1580 3913 1621 3958 u
1676 3915 1767 3960 mi
1827 3914 1983 3962 ione
2030 3913 2159 3961 reci
2216 3909 2330 3959 iat.
2563 3908 2776 3958 unum
2829 3909 2922 3956 im
2977 3908 3106 3956 rim
3211 3906 3248 3953 a
3303 3906 3464 3964 ens,

900 3909 1373 4078 limplldiffima
1434 3988 1726 4081 Spiritus
1791 3988 2008 4059 Sancti
2052 3913 2211 4059 lucg
2255 3981 2563 4080 undique
2617 3909 3106 4061 circumfulius,
3161 3903 3601 4052 evigdentibus

904 4078 1492 4156 &infallibilibus
1520 4083 1789 4156 indiciis
1818 4085 2301 4162 convincatur,
2359 4083 2432 4152 &
2469 4075 2777 4176 superata
2819 4079 3012 4150 omni
3048 4071 3462 4150 haefitatione
3489 4070 3605 4148 fir-

904 4178 1195 4252 miffime
1231 4175 1711 4276 persuadeatur
1734 4226 1757 4263 ,
1811 4186 2043 4253 Deum
2065 4175 2195 4252 effe
2215 4178 2339 4276 qui
2365 4178 2437 4250 in
2465 4179 2830 4274 Scripturis
2857 4175 3192 4272 loquitur.
3301 4177 3460 4246 Hoc
3479 4171 3602 4246 ubi

908 4267 1115 4346 semel
1154 4269 1367 4349 fixum
1405 4279 1640 4349 animo
1664 4275 1951 4360 sederit,
2005 4299 2248 4350 omnes
2270 4277 2340 4348 in
2361 4275 2770 4348 contrarium
2794 4271 3408 4352 murmurationes,
3443 4293 3602 4343 om·-

910 4395 1033 4444 nes
1070 4367 1211 4444 falfi
1247 4375 1547 4446 nominis
1573 4369 1869 4447 scientiae
1902 4372 2370 4464 objectiones,
2417 4371 2650 4444 omnia
2689 4363 2974 4444 factiosae
2995 4368 3210 4443 camis
3227 4361 3602 4466 sophifina-

906 4485 977 4540 ta
1012 4511 1035 4550 ,
1080 4467 1169 4539 ad
1204 4471 1373 4542 tanti
1420 4469 1703 4544 luminis
1742 4469 1937 4560 jubar
1986 4461 2424 4568 dispalescere
2463 4460 2716 4540 necess‘e
2769 4465 2862 4540 est
2905 4493 2926 4540 t
2977 4487 3120 4538 uno
3165 4463 3298 4538 hoc
3323 4511 3350 4550 ,
3402 4459 3604 4561 quod

904 4563 1254 4638 modestiae
1274 4561 1556 4651 sufficit,
1600 4587 2054 4666 argument03
2103 4569 2264 4638 Deo
2284 4564 2621 4662 loquente
2645 4565 2874 4638 omnis
2894 4557 3075 4636 sileat
3097 4605 3122 4648 ,
3149 4563 3424 4644 audiat,
3456 4581 3604 4633 cre-

904 4659 1023 4736 dat
1068 4661 1481 4742 intellectus.
1580 4670 1837 4764 Neque
1870 4661 2017 4740 haee
2055 4661 2193 4748 est,
2238 4661 2442 4836 &uod
2465 4657 2756 4758 quidam
2787 4661 3091 4762 garriunt
3111 4705 3138 4747 ,
3189 4657 3428 4753 abjecti
3473 4673 3600 4823 pec

2339 4781 2388 4831 u
2443 4779 2564 4832 uu
2614 4777 2652 4850 3
3501 4771 3602 4820 uo
