4667 5442
572 521 956 619 l-lrsronra
1026 520 1604 626 Hrtreosotrua·
1690 548 1786 653 313

440 703 515 757 tum
536 680 598 757 esse
620 683 782 770 constet,
820 688 927 759 muris
945 686 1148 783 proximis,
1186 705 1290 781 atque
1310 692 1421 760 Portae
1449 691 1572 760 Aureae
1595 681 1787 785 (quaesere

439 783 598 856 medium
617 782 776 875 obtinet)
797 808 1018 883 nequaquam
1036 776 1217 880 pepercisse
1236 781 1445 855 credendum
1473 780 1544 856 est:
1570 784 1627 855 vel
1647 809 1689 856 eo
1711 805 1791 858 ma-'

439 879 515 975 gis,
545 880 643 977 quod
663 906 781 954 muros
809 906 930 954 omnes
951 880 1045 952 urbis
1071 881 1205 951 dirutos
1226 874 1288 949 esse
1308 876 1430 951 scribat
1448 877 1642 978 Josephus;
1669 881 1786 979 quod-

441 999 512 1071 que
531 998 626 1048 totus
648 976 707 1049 ille
723 980 813 1071 muri
823 981 967 1061 tractus,
994 986 1133 1052 Portam
1146 981 1293 1047 Auream
1307 978 1341 1047 in
1360 976 1477 1048 medio
1488 981 1684 1061 continens,
1705 977 1789 1051 nul·¹

442 1069 513 1144 lam
535 1073 777 1170 antiquitatem
797 1074 938 1155 reserat,
966 1100 1027 1145 nec
1047 1099 1090 1147 ex
1110 1069 1303 1161 ejusmodi,
1331 1072 1488 1171 adeoque
1508 1076 1640 1171 magnis
1658 1072 1785 1147 constet

441 1160 561 1250 saxis,
617 1169 891 1243 uemadmodum
913 1171 976 1243 illa
993 1170 1213 1266 antiquissimi
1234 1170 1323 1240 muri
1343 1194 1442 1265 pars,
1470 1165 1568 1266 supra
1578 1195 1682 1267 quam
1695 1195 1787 1244 nova

442 1266 569 1336 moenia
589 1194 707 1338 drusta
723 1262 819 1349 sunt,
847 1291 927 1364 quae
946 1268 1041 1357 juxta
1060 1275 1200 1341 Portam
1223 1265 1436 1362 sterquilinii
1459 1268 1648 1338 etiamnum
1668 1262 1786 1365 super-

442 1359 513 1443 est,
541 1357 705 1437 aedilicata
728 1366 887 1437 cernitur.
938 1367 991 1434 Eo
1011 1387 1092 1433 vero
1113 1358 1257 1459 positam
1282 1362 1362 1435 loeo
1391 1387 1465 1459 quo
1485 1362 1615 1435 vetusta
1639 1362 1785 1438 fortaffls

441 1456 627 1540 exstiterit,
656 1459 914 1532 concedendum
926 1460 1045 1556 potius
1061 1458 1240 1539 existimo,
1267 1483 1374 1555 quam
1384 1454 1512 1530 inficias
1524 1460 1636 1534 ierim.
1684 1464 1784 1535 Hanc

438 1575 461 1622 a
480 1549 677 1627 Meridiese
705 1556 797 1628 uitur
809 1559 929 1636 tertia,
957 1553 1174 1652 Sterquilinii
1191 1552 1299 1653 vulgo
1314 1553 1423 1637 diua,
1451 1557 1581 1628 caeteris
1596 1554 1781 1655 angustior,

440 1652 629 1747 antiquum
654 1579 763 1748 usque
788 1655 824 1724 in
843 1650 1050 1724 hodiernum
1079 1651 1174 1725 diem
1201 1675 1329 1722 nomen
1354 1654 1525 1733 retinens,
1565 1651 1646 1726 licet
1665 1676 1783 1727 recens

441 1745 639 1822 constructa.
693 1748 787 1821 Huic
812 1749 973 1845 proxima
1003 1747 1047 1817 ab
1067 1746 1192 1819 eodem
1220 1745 1328 1819 haeret
1355 1745 1460 1820 latere
1481 1748 1627 1823 Davidis
1654 1755 1778 1831 Porta,

439 1840 526 1915 alias
557 1846 640 1919 Sion
664 1867 885 1943 nuncupata3
911 1843 1009 1942 quod
1028 1844 1064 1915 in
1091 1846 1254 1915 Montem
1275 1845 1360 1918 Sion
1385 1843 1520 1931 ducat,
1546 1870 1625 1941 quae
1654 1841 1782 1943 &ipsa

439 1960 553 2023 nova,
581 1942 672 2014 &in
697 1939 817 2014 ordine
833 1964 954 2040 quarta
986 1939 1043 2015 est.
1094 1939 1150 2011 Ab
1172 1940 1331 2015 Occiduo
1356 1939 1459 2013 latere
1485 1942 1584 2013 unica
1606 1945 1783 2040 &quinta

440 2037 608 2117 occurrit,
637 2059 868 2137 cognomento
889 2032 1009 2138 Jaffae,
1037 2060 1116 2133 quae
1134 2039 1172 2109 &
1187 2033 1334 2111 Piscium
1345 2044 1474 2119 Porta,
1503 2040 1540 2109 &
1563 2040 1707 2113 Hebron
1728 2039 1784 2112 dia

439 2131 553 2214 titur,
580 2133 697 2207 Castro
720 2130 919 2209 Pisanorum
936 2137 1112 2232 contigua.
1165 2138 1196 2206 A
1217 2136 1455 2232 septentrione
1476 2133 1616 2220 demum
1634 2132 1726 2207 sexta
1744 2138 1783 2209 &

437 2227 563 2329 ultima
585 2226 759 2329 sequitur,
787 2237 842 2305 Ne
868 2229 989 2304 htalim
1011 2234 1173 2313 nomine,
1202 2256 1290 2303 nune
1304 2227 1460 2306 Damasci
1478 2239 1579 2305 Porta
1599 2232 1781 2329 appellata.

440 2328 576 2398 Omnes
594 2325 649 2399 hae
669 2351 811 2425 portae,
840 2258 876 2399 di
903 2329 992 2400 muri
1017 2329 1165 2400 civitatis
1187 2327 1323 2413 (Castro
1350 2325 1471 2402 Pisano
1497 2329 1604 2400 muris
1634 2326 1781 2413 incluso,

438 2442 545 2518 atque
570 2448 608 2495 ea
627 2421 850 2523 parte,·quae
867 2426 1049 2499 Orientem
1073 2421 1253 2522 respiciens
1272 2431 1409 2499 Portam
1435 2430 1585 2499 Auream
1616 2428 1781 2510 continet,

438 2519 692 2594 &Salomonis
712 2522 854 2618 Templi
873 2528 995 2596 Aream
1008 2526 1139 2602 munit,
1171 2518 1349 2619 exceptis)
1376 2517 1460 2613 jussu
1472 2523 1676 2597 Soleimanis
1688 2528 1782 2596 Tur·

439 2640 556 2688 carum
574 2621 791 2715 Imperatoris
810 2618 982 2692 instaurati
1004 2616 1081 2691 sunt
1102 2647 1111 2690 τ
1149 2620 1369 2716 constantque
1397 2646 1442 2693 ex
1462 2620 1637 2718 quadratis
1658 2623 1694 2691 δι
1714 2620 1781 2691 do·

437 2712 518 2786 latis
542 2713 737 2813 lapidibus,
765 2716 915 2789 turribus
932 2717 1108 2815 quadratae
1136 2715 1257 2788 formae
1277 2717 1377 2788 certis
1397 2716 1586 2789 intervallis
1604 2712 1781 2813 interposi·

438 2811 512 2883 tis:
539 2836 690 2907 quorum
712 2814 891 2896 craffities,
920 2838 1090 2912 quantum
1113 2808 1186 2884 visu
1212 2815 1384 2911 percipere
1400 2814 1498 2886 licuit
1525 2861 1535 2896 ,
1565 2813 1608 2883 acl
1628 2836 1696 2885 tres
1716 2817 1784 2910 cir-q

438 2909 523 2978 citer
544 2909 649 3007 pedes
669 2910 885 2994 extenditur,
912 2911 1010 2984 nullo
1029 2931 1144 2982 tamen
1166 2910 1263 2983 vallo
1286 2932 1344 2981 aut
1375 2909 1661 3009 aggere‘muniti,
1689 2934 1780 3006 quos

437 3005 582 3078 interius
596 3010 799 3079 Menianum
825 3008 860 3080 in
879 3003 1073 3081 summitate
1092 3008 1228 3090 ambit,
1263 3033 1323 3105 per
1342 3013 1440 3105 quod
1461 3010 1639 3079 circumire
1659 3011 1781 3082 urbem

437 3103 625 3174 commode
641 3105 766 3202 possis,
795 3105 1019 3177 foraminibus
1035 3105 1152 3201 palsrm
1174 3127 1266 3175 certo
1288 3105 1407 3175 ordine
1431 3107 1465 3173 in
1487 3101 1562 3200 ipso
1580 3127 1679 3174 muro
1700 3104 1783 3175 reli·
1869 3147 1879 3174 κ

437 3201 521 3279 uis,
549 3223 622 3294 quo
644 3204 751 3273 tutius
774 3197 1061 3296 commodiusque
1079 3200 1236 3289 ejaculari
1255 3196 1491 3279 bombardas,
1521 3195 1727 3295 sagittasque
1744 3201 1784 3296 inq

435 3294 550 3367 hostes
570 3298 724 3368 emittere
748 3293 940 3369 defensores
962 3316 1102 3391 queant.
1153 3301 1328 3365 Caeterum
1349 3293 1445 3365 locus
1463 3297 1498 3364 in
1519 3303 1591 3391 qu'o
1609 3295 1728 3365 civitas
1740 3289 1784 3365 s1-¹

436 3415 475 3465 ta
498 3392 567 3473 est,
595 3392 720 3463 arduus
739 3414 834 3465 totus
853 3397 891 3467 δι
914 3385 1122 3488 inaquosus,
1150 3388 1293 3461 flumina
1311 3388 1367 3459 vel
1399 3391 1492 3461 rivos
1521 3389 1634 3463 nullos
1653 3389 1783 3465 habett'

436 3488 562 3562 incolae
580 3515 599 3559 a
628 3491 680 3561 uis
694 3511 828 3561 tantum
849 3511 991 3561 utuntur
1012 3486 1244 3585 pluvialibus:
1280 3482 1448 3558 mensibus
1472 3488 1562 3559 enim
1576 3486 1727 3559 bibernis
1745 3489 1783 3561 in

437 3583 588 3659 cisternis
601 3513 721 3684 lquas
741 3586 776 3658 in
796 3586 879 3658 urbe
897 3584 1022 3658 babent
1038 3577 1230 3682 plurimas)
1250 3583 1377 3655 imbres
1392 3578 1452 3655 fibi
1468 3579 1580 3657 solent
1601 3584 1784 3682 colligere,³

436 3685 476 3756 &
491 3709 550 3779 per
573 3705 689 3755 totum
712 3706 839 3756 annum
857 3682 901 3755 ad
926 3678 1005 3754 usus
1040 3677 1236 3753 necessarios
1266 3675 1473 3753 conservare.
1524 3681 1633 3757 Urbis
1658 3685 1781 3778 platea!

436 3780 508 3853 fere
521 3805 642 3852 omnes
663 3777 834 3877 angustae,
862 3779 1033 3859 sordidae,
1061 3773 1235 3873 ruinisque
1255 3775 1372 3882 passim
1383 3778 1535 3874 impletae
1559 3806 1568 3850 t
1595 3780 1670 3849 imo
1693 3799 1783 3872 none

438 3875 545 3949 nullis
564 3878 600 3947 in
622 3874 707 3949 locis
727 3875 814 3947 adeo
834 3875 1066 3948 immunditiis
1087 3877 1123 3945 &
1147 3872 1304 3971 lapidum
1322 3876 1674 3973 acervlsexa'ggerarae
1691 3872 1784 3974 sunu:

435 3993 478 4044 ut
495 3993 707 4046 occurrentes
720 3995 815 4044 arcus
837 3968 1093 4045 transversarios
1110 4017 1122 4052 ,
1150 3965 1209 4042 nisi
1227 3971 1270 4040 ad
1284 3992 1420 4043 uterum
1434 3994 1535 4070 caput
1550 3972 1781 4054 inclinaveris,i

436 4066 572 4142 transire
593 4070 654 4141 vix
681 4068 797 4166 possis.
846 4070 1038 4140 Ruinarum
1071 4068 1206 4149 acervi,
1248 4067 1336 4140 colla
1363 4064 1405 4139 sae
1433 4068 1591 4152 domus,
1618 4071 1782 4167 neglestae

438 4167 543 4237 etiam
563 4168 600 4240 &
617 4190 733 4237 vacuae
754 4164 935 4262 plurimae,
963 4162 1094 4260 ubique
1112 4163 1180 4234 fere
1201 4159 1268 4234 sese
1284 4094 1444 4236 ossiiunt.
1496 4168 1605 4237 Nulla
1625 4169 1779 4265 pallaria,

437 4258 571 4333 aedesve
591 4287 645 4333 rna
672 4260 809 4343 nificat,
835 4260 886 4333 nil
903 4261 1001 4358 quod
1020 4259 1192 4343 delectet,
1220 4280 1279 4333 aut
1290 4255 1511 4357 spectatorem
1527 4261 1696 4345 detineat,
1725 4259 1782 4334 us·

381 4367 383 4373 '
435 4380 548 4455 quam
566 4284 762 4456 considas.
814 4356 1035 4439 Deformata,
1064 4355 1176 4439 foeda,
1205 4353 1362 4430 sualore
1373 4353 1478 4431 obsrta
1491 4363 1624 4443 omnia,
1674 4361 1783 4433 lnfre·

434 4478 550 4558 quens
571 4456 687 4554 itaque
715 4459 753 4531 δι
772 4450 866 4557 quali
886 4452 1038 4556 negleda
1052 4454 1141 4544 jacet
1160 4381 1349 4530 miseranda
1370 4452 1453 4530 urba
1464 4479 1479 4545 ι
1508 4456 1596 4533 olim
1611 4457 1699 4531 litet
1714 4456 1784 4527 fre»

533 4550 621 4634 Tm
644 4557 698 4632 II.
1139 4553 1205 4632 Re
1669 4575 1782 4652 quen·
