4667 5442
547 498 708 585 102¹
823 476 1535 570 Exonerrarro
1604 477 1683 571 IV.
1766 491 1782 512 ·

363 684 449 725 unum
463 684 496 724 oe
542 676 614 724 non
633 649 747 722 minus
769 643 902 721 celebre
916 646 952 716 in
967 635 1114 715 Ecclesia
1127 665 1256 716 nomen
1270 637 1338 723 est,
1391 640 1494 716 uibus
1503 644 1614 742 magis
1626 631 1828 717 adlubescit
1838 640 1915 715 Mi·

363 744 464 833 Μ)
479 742 700 822 A’⁸·clraelem
714 769 827 850 ”HQ
845 768 890 815 ex
912 739 1033 814 creatis
1048 736 1194 838 Angelis
1212 730 1302 821 else,
1329 666 1392 810 sed
1403 741 1458 815 cui
1477 764 1496 811 a
1513 745 1678 813 Creatore
1699 739 1911 838 praesefflsra

361 826 430 895 ‘³²²⁸‘
454 815 498 893 ‘ff‘
547 844 665 943 aliqua
678 845 715 915 in
731 864 872 916 caeteros
885 830 1035 911 concella
1050 830 1101 907 srt.
1153 823 1428 932 Exillimantque
1450 837 1488 908 &
1501 836 1617 911 valida
1633 833 1694 909 fibi
1714 862 1787 935 pro
1799 832 1910 910 isthac

366 901 474 956 mm
547 939 713 1017 sententia
732 951 933 1037 argumenta
946 926 1035 1018 elle3
1061 955 1123 1004 nec
1137 925 1246 1003 deelle
1261 937 1346 1101 puae
1364 931 1409 1004 ad
1421 932 1559 1006 laudata
1571 932 1679 1006 modo
1697 955 1911 1032 argumenta

547 1034 783 1137 respondeant.
834 1032 1020 1107 Enimvero
1036 1031 1073 1100 &
1092 1028 1130 1101 hi
1143 1026 1240 1127 digni
1276 1052 1365 1111 unt,
1393 1031 1454 1126 qui
1475 1024 1620 1103 caussam
1637 1024 1736 1104 suam
1758 1051 1909 1129 agentes

538 1160 652 1234 aequo
671 1159 690 1206 a
709 1132 811 1206 nobis
829 1130 945 1203 animo
967 1126 1159 1199 audiantur.
1211 1126 1267 1198 Sic
1285 1149 1367 1223 ergo
1385 1124 1577 1200 instituunt.
1847 1155 1852 1160 ·

371 1263 450 1326 xm,
468 1259 542 1345 Qfa
648 1235 747 1305 Xlll.
774 1223 984 1301 Michaelem
997 1219 1146 1295 eundem
1170 1215 1234 1294 else
1250 1224 1315 1321 qui
1332 1224 1369 1294 &
1387 1221 1622 1321 Archangelus
1638 1224 1791 1309 dicitur,
1821 1248 1912 1299 con·

370 1337 530 1431 Arelape..
551 1323 700 1408 sentiunt
714 1350 860 1400 omnes:
887 1325 924 1394 &
942 1317 1051 1421 Judas
1068 1323 1099 1391 A
1126 1318 1256 1429 ostolus
1274 1317 1424 1430 totidem
1434 1320 1473 1431 id
1483 1318 1597 1431 verbis
1609 1319 1752 1395 adstruit
1769 1346 1909 1399 comm·

371 1418 415 1472 ‘¹⁴‘
422 1434 450 1547 3
461 1413 543 1509 9⁶⁷¹·
554 1450 589 1521 9.
609 1423 864 1523 Archangelum
891 1439 1006 1490 autem
1031 1421 1123 1488 aC'
1146 1414 1208 1488 isto
1227 1414 1342 1513 palam
1362 1410 1572 1490 drscrrmrnat
1597 1418 1724 1494 Paulus
1747 1444 1781 1496 ι.
1794 1414 1910 1496 Thes.

367 1489 511 1626 sssspssl'l*
555 1549 616 1600 1v:
641 1527 698 1599 16.
749 1526 846 1597 Nam
859 1514 920 1613 ipse
940 1515 1097 1589 Dominus
1110 1539 1181 1587 rum
1192 1514 1379 1589 hortationi
1395 1514 1549 1595 clonore,
1572 1540 1644 1592 cm
1659 1540 1737 1590 voce
1755 1518 1911 1593 Archon·

366 1587 390 1643 Κ
463 1610 477 1702 ,’
544 1620 633 1719 geli,
659 1623 784 1693 &cum
806 1618 874 1689 Dei
888 1606 966 1685 cuba
986 1609 1143 1699 descendet
1161 1636 1180 1683 e
1198 1610 1281 1685 colo.
1331 1609 1546 1684 Incredibilis
1572 1611 1633 1686 illa
1649 1615 1803 1688 Domini
1823 1609 1912 1714 Jesu

552 1711 836 1817 magnificentia,
874 1712 946 1808 qul
969 1705 1092 1781 illustri
1111 1706 1279 1780 adventus
1306 1701 1359 1781 sui
1382 1708 1438 1780 die
1458 1708 1495 1779 in
1515 1708 1667 1781 nubibus
1694 1708 1912 1809 conspicuus

552 1812 754 1913 apparebit,
782 1803 1020 1881 locutionibus
1044 1829 1064 1876 a
1082 1827 1204 1903 regum
1225 1801 1328 1896 hujus
1346 1800 1453 1877 seculi
1468 1829 1599 1904 pompa
1617 1800 1787 1904 desumtis
1810 1853 1824 1890 ,
1855 1807 1910 1881 uti

549 1912 655 1990 alibi,
682 1910 731 1981 ita
750 1908 787 1982 δι
804 1903 861 1978 hic
880 1900 1078 1999 exponitur.
1130 1901 1253 1977 solent
1269 1923 1385 1975 autem
1408 1901 1479 1984 illi,
1506 1897 1692 2001 praesertim
1719 1901 1759 1976 in
1774 1899 1912 1980 solem·
1954 1925 1956 1934 ’

554 2006 711 2082 nioribus
739 2004 837 2103 regni
853 2000 984 2073 aeribus
1002 2044 1014 2080 ,
1042 2021 1167 2098 magna
1185 2002 1381 2082 comitum,
1410 2001 1588 2082 militum,
1614 2000 1738 2102 populi
1758 1998 1939 2100 stipante.

555 2127 715 2183 caterva,
750 2125 829 2172 cum
856 2097 1047 2177 tubarum,
1075 2119 1349 2196 tympanorum,
1384 2096 1694 2197 plaudentiumque
1722 2096 1913 2174 nubantur

555 2198 713 2297 strepitu,
742 2219 951 2295 comparere.
1003 2198 1054 2265 lta
1074 2196 1110 2265 &
1134 2187 1253 2294 Jesus‚
1280 2197 1361 2267 Rex
1388 2220 1422 2267 re
1449 2219 1511 2267 um
1538 2196 1768 2271 &Dominus
1788 2195 1914 2270 domi·

555 2300 733 2378 nantium,
755 2320 773 2367 e
793 2292 881 2367 coelo
901 2287 946 2362 ad
957 2284 1145 2364 universale
1162 2287 1348 2364 hominum
1358 2316 1397 2363 ac
1416 2218 1619 2366 daemonum
1633 2290 1822 2382 iuditium,
1833 2317 1913 2392 quo

555 2393 673 2468 nullus
693 2416 846 2489 unquam
876 2386 974 2487 regni
993 2381 1043 2459 sui
1071 2391 1164 2464 astus
1183 2383 1371 2460 solemnior
1392 2387 1540 2471 exstitit,
1571 2385 1818 2472 descensurus,
1848 2414 1914 2463 ve·

554 2492 627 2565 niet
644 2515 724 2564 curn
740 2486 885 2588 Angelis
902 2485 1103 2584 potentibus
1124 2478 1212 2567 suis,
1241 2508 1350 2581 eaque
1369 2488 1508 2559 Divinae
1523 2486 1705 2578 majestatis
1725 2511 1765 2560 ac
1781 2485 1912 2587 glorie

556 2583 865 2666 demonstratione,
893 2584 948 2656 tui
958 2605 1021 2678 par
1037 2580 1080 2652 ab
1096 2580 1179 2654 orbe
1192 2581 1335 2656 condito
1347 2578 1599 2682 conspedanon
1613 2583 1673 2660 est.
1722 2586 1770 2657 Et
1783 2609 1916 2684 quem·

557 2682 750 2757 admodum
768 2687 902 2780 Legem
920 2677 1204 2776 promulgaturus
1223 2680 1258 2751 in
1277 2701 1398 2754 monte
1417 2682 1533 2761 Sinai,
1561 2683 1657 2754 venit
1676 2706 1756 2758 cum
1775 2684 1914 2781 myria-

557 2781 660 2855 dibus
681 2775 871 2852 sanctorum
891 2771 1055 2857 suorum,
1084 2778 1121 2848 δι
1143 2777 1223 2872 igne
1242 2777 1403 2886 ardengi,
1430 2779 1468 2850 &
1488 2778 1656 2863 turbine,
1684 2778 1911 2880 &caligines

556 2880 594 2950 δι
611 2876 791 2975 procella,
819 2872 982 2971 tubaeque
1001 2867 1136 2954 sonitu,
1157 2874 1196 2945 dc
1217 2881 1306 2946 'voce
1322 2876 1511 2950 verborum
1533 2922 1544 2958 ,
1573 2885 1680 2975 quam
1705 2877 1768 2974 qui
1786 2878 1914 2952 audie·

555 2997 631 3050 rant
647 2997 726 3045 cum
745 2966 964 3046 excusatione
981 2970 1178 3068 petierunt,
1206 2995 1249 3041 ne
1266 2973 1419 3070 amplius
1435 2968 1497 3046 sibi
1513 2968 1609 3046 fieret
1630 2970 1762 3046 sermo:
1793 2976 1845 3048 ita
1857 2969 1912 3048 se-

557 3070 709 3144 cundum
720 3074 854 3169 Legem
871 3064 968 3140 istam
981 3067 1213 3159 judicaturus,
1240 3067 1401 3156 adveniet
1411 3095 1492 3143 cum
1504 3066 1623 3144 finees
1636 3070 1798 3145 millibus
1813 3066 1913 3158 suis,

558 3166 842 3266 hortantiumque
860 3159 893 3237 se
904 3186 1028 3240 mutuo
1043 3162 1088 3240 ad
1103 3167 1191 3239 tanti
1201 3169 1253 3243 Re
1279 3167 1309 3240 is
1321 3164 1487 3267 obsequia
1501 3168 1671 3251 clamore,
1700 3166 1912 3259 (hocenim

558 3267 706 3350 κίλινσμα
733 3265 866 3341 Graecis
890 3258 1012 3356 notat)
1040 3265 1173 3337 &voce
1187 3188 1413 3364 Arelangeli,
1441 3267 1504 3363 qui
1522 3265 1678 3340 millibus
1686 3265 1755 3339 illis
1771 3265 1912 3364 praeesl,

557 3364 710 3462 tubaque
729 3365 860 3438 Divina
875 3359 1052 3438 instruitur
1064 3361 1175 3435 veluti
1192 3362 1362 3437 classicum
1382 3365 1484 3436 canit.
1535 3371 1652 3446 Nam,
1680 3363 1732 3436 uti
1749 3386 1768 3434 a
1788 3361 1920 3450 Grotio'

555 3456 701 3558 aliisque
717 3461 804 3534 bene
819 3454 1038 3533 observatum
1050 3456 1124 3542 est,
1150 3483 1224 3532 vox
1246 3459 1452 3562 Archangeli
1470 3462 1601 3534 &tuba
1612 3463 1680 3533 Dei
1699 3460 1914 3564 itajungen.

555 3553 709 3639 dasunt,
736 3578 776 3630 ut
791 3551 995 3654 significetur
1013 3580 1085 3627 vox
1096 3553 1192 3629 tubae
1204 3557 1341 3633 Divinae
1354 3561 1396 3633 ab
1407 3557 1624 3656 Archangelo
1640 3555 1781 3629 inflatoe.
1811 3569 1912 3638 Om.

554 3656 639 3727 nino
653 3653 790 3726 videtur
807 3651 863 3726 hle
883 3648 1061 3733 Christus,
1084 3652 1146 3762 qui
1166 3656 1298 3737 venit,
1326 3656 1369 3728 ab
1387 3652 1631 3753 Archangelo,
1660 3676 1820 3751 quocum
1844 3685 1914 3734 ve.

555 3752 631 3831 nit,
659 3748 851 3849 distingui:
878 3750 916 3820 &
937 3770 1011 3822 vox
1029 3745 1176 3832 Christi,
1203 3746 1403 3827 sententiam
1425 3749 1570 3834 diouri,
1598 3775 1618 3823 a
1636 3774 1724 3824 voce
1747 3753 1914 3834 Archan-

582 3846 659 3931 eli,
694 3842 921 3922 solemnitatis
946 3844 1039 3920 istius
1059 3845 1169 3919 veluti
1203 3874 1370 3949 pompam
1402 3845 1609 3923 instruentis.
1660 3856 1701 3923 ln
1724 3843 1819 3926 sacra
1840 3861 1913 3957 Jo-

554 3868 676 4016 lannis
692 3938 899 4042 Apocalypsi
917 3990 928 4023 ‚
956 3942 1001 4015 ad
1016 3937 1167 4042 smgulos
1181 3946 1391 4019 Divinorum
1407 3944 1617 4038 judiciorum
1633 3951 1744 4031 aetus,
1772 3953 1910 4052 Angeli

556 4039 650 4112 tubis
670 4062 828 4113 canentes
847 4039 1042 4114 audiuntur.
1091 4040 1189 4114 Idem
1209 4037 1273 4114 usu
1291 4045 1408 4116 veniet
1425 4043 1460 4114 in
1483 4046 1694 4139 peremtorio
1717 4047 1914 4124 mundito.

556 4138 627 4209 tius
652 4138 795 4227 judicio.
848 4138 936 4212 Tune
954 4138 1048 4211 enim
1070 4142 1179 4213 mittet
1199 4141 1360 4252 Dffl'nur
1385 4144 1526 4235 Angelos
1540 4140 1615 4231 suos
1635 4167 1705 4216 curn
1718 4151 1801 4240 tube
1825 4175 1913 4226 voce

432 4291 436 4296 .
556 4256 689 4328 magna,
713 4255 750 4307 ot
766 4254 879 4330 cogant
895 4235 1084 4326 tlcdlossuos
1103 4241 1413 4337 aquatuor'ventr'o,
1437 4241 1481 4313 (ν
1502 4264 1522 4310 a
1544 4242 1688 4316 telormn
1705 4261 1850 4321 extremo
1866 4251 1914 4324 aa

556 4352 664 4405 eorum
672 4351 860 4407 extremum.
884 4337 1106 4410 Matxxrv:
1130 4357 1186 4427 31.
1240 4335 1352 4425 euius
1367 4337 1460 4410 tubae
1471 4360 1545 4411 vox
1555 4339 1698 4440 Angelis
1712 4344 1914 4441 generatim

556 4428 757 4510 attribuitur
776 4456 796 4507 a
813 4432 997 4512 Domino:
1037 4457 1115 4508 eam
1146 4429 1398 4534 Archangelo,
1434 4458 1637 4516 ceterorum
1654 4438 1803 4540 Principi
1827 4487 1840 4525 ,
1870 4445 1914 4518 δι

1811 4562 1920 4622 0101·
