4667 5442
648 497 810 599 Ἴθι
880 500 1063 600 Vtra
1133 492 1509 598 Truorrrr'ra
1683 495 1781 619 651

436 663 835 758 inanimantium
865 691 960 742 muru
982 664 1105 758 fadum
1123 664 1206 741 nibil
1225 660 1388 764 prodesset
1406 662 1464 758 sed
1479 688 1518 737 ne
1539 657 1664 759 rapitur
1679 684 1701 732 a
1717 658 1789 752 lege
1917 657 1925 684 '⁴

437 769 576 841 aarum
594 770 637 840 ad
654 789 725 840 eam
764 788 810 838 cre
829 762 871 849 est
882 786 924 839 tx
934 759 999 853 fide
1019 767 1118 837 εονὼἶσ
1137 759 1394 851 circumferam
1405 761 1505 835 adhuc
1523 760 1712 835 relullmces
1733 777 1786 827 eus

436 869 497 963 qut
511 859 678 939 muchan
696 786 867 944 Hcleaeur,
891 867 1088 957 asynagoga
1094 861 1131 950 se
1144 857 1464 956 cogntcdr'liuhete,
1481 857 1519 963 [a
1534 861 1658 952 ,7κάιὺ
1666 877 1784 930 actm

436 964 565 1036 nrosans
579 957 688 1051 flasse&
707 955 751 1043 ns
762 960 918 1052 Judm,
942 982 980 1031 uc
995 973 1110 1033 'omncs
1131 954 1344 1051 lecerifaeeret.
1556 989 1576 1015 .-
1746 1003 1755 1024 ‚
1894 977 1925 1032 ,’

535 1060 675 1132 XXIII.
702 1057 783 1129 Fuit
800 1079 916 1130 autem
937 1054 1148 1129 Timotheus
1175 1055 1285 1131 Paulo
1308 1056 1471 1128 itinerum
1492 1049 1632 1150 suorum
1650 1075 1898 1148 comeam,
1917 1082 1962 1147 r„

438 1159 495 1229 Dc
507 1154 636 1253 quibus
653 1153 834 1227 itineribus
862 1179 932 1225 non
955 1151 1003 1224 est
1022 1176 1063 1223 ut
1079 1152 1215 1250 prolixe
1234 1175 1325 1224 nunc
1344 1155 1381 1223 δι
1399 1177 1443 1224 ex
1459 1146 1607 1250 professo
1627 1174 1780 1253 agamus.
1792 1162 1906 1234 aarum

439 1253 559 1351 Magis
576 1252 667 1324 enirn
683 1250 721 1321 id
744 1249 788 1322 ad
808 1250 904 1324 Pauli
923 1274 1030 1347 quam
1055 1248 1238 1321 Timothei
1256 1246 1429 1321 historiam
1449 1252 1610 1349 pertinet.
1660 1255 1707 1324 Ea
1727 1240 1876 1324 so-.¹'⁴¹⁴²⁰
1890 1244 1960 1336 2⁸91·

439 1347 517 1423 lum
531 1348 753 1445 attingemus,
768 1348 803 1418 in
817 1348 946 1445 quibus
953 1365 1086 1444 partem
1100 1346 1254 1443 aliquam
1264 1344 1477 1419 Timotheus
1494 1345 1585 1419 facit.
1634 1347 1676 1420 Id
1689 1349 1781 1421 enim
1791 1339 1882 1452 m
1891 1337 1937 1373 ⁸²⁵·

439 1439 546 1518 sennl
566 1441 727 1517 statutum
745 1434 809 1515 elle
829 1463 999 1539 oportet,
1034 1466 1106 1514 non
1127 1442 1237 1516 modo
1257 1443 1422 1516 comitem
1444 1467 1526 1515 eum
1548 1441 1645 1516 Pauli
1663 1442 1778 1523 fuisse,
1794 1494 1862 1529 mes:
1879 1417 1961 1533 &Ple

435 1542 688 1615 &auditorem
711 1587 723 1623 ,
760 1543 799 1612 &
816 1538 1007 1615 ministrum
1029 1537 1251 1612 honorarium
1269 1564 1284 1625 3
1315 1537 1373 1610 sed
1395 1544 1433 1615 δι
1451 1535 1608 1634 crapola,
1629 1544 1694 1639 qni
1715 1564 1782 1615 una
1796 1550 1937 1627 evangelus

439 1662 521 1710 tum
538 1634 612 1734 ipso
632 1635 859 1735 Evangelium
871 1636 1108 1734 praedicaverit
1125 1682 1137 1718 ,
1164 1638 1228 1734 qui
1243 1660 1334 1732 opus
1349 1638 1418 1707 Dei
1440 1640 1564 1736 pariter
1584 1664 1625 1712 ac
1643 1635 1714 1737 ipse
1732 1628 1931 1721 se-Wffl·

438 1736 547 1817 cerit,
575 1730 638 1805 suo
658 1756 775 1808 umen
791 1730 914 1832 finguli
932 1735 1041 1830 gradu
1061 1755 1166 1831 atque
1181 1733 1334 1806 ordine:
1359 1757 1511 1828 quocum
1532 1738 1636 1809 etiam
1656 1736 1782 1813 Paulus

440 1833 477 1902 in
498 1830 599 1901 rebus
624 1831 826 1927 gravissimis
847 1828 984 1903 conerIa
1004 1825 1062 1900 sua
1078 1827 1252 1902 miscuerit
1272 1858 1284 1902 t
1313 1853 1421 1926 quern
1438 1852 1477 1903 ut
1493 1827 1604 1905 filium
1618 1834 1778 1931 quidem,

438 1922 499 1999 sed
518 1929 555 1997 δι
575 1949 614 1997 ut
631 1928 770 1999 sratrem
787 1974 800 2009 ,
826 1926 1009 1999 habuerit:
1037 1929 1135 2017 cujus
1151 1926 1302 2023 denique
1324 1949 1453 1999 nornen
1468 1929 1606 2001 Divinis
1621 1931 1780 2027 aliquan·

436 2022 487 2093 do
505 2021 666 2119 Epistolis
682 2018 750 2096 suis
769 2020 974 2122 praefixerit,
999 2042 1041 2094 ut
1058 2021 1211 2097 hominis
1228 2022 1353 2094 eodm
1375 2018 1489 2097 secum
1508 2027 1636 2124 Spiritu
1645 2028 1780 2125 agitati.

438 2122 514 2192 Hac
531 2124 648 2216 itaque
664 2117 769 2194 semel
789 2114 954 2218 praemissa
970 2114 1231 2201 observatione,
1259 2144 1299 2191 ea
1315 2144 1405 2192 nunc
1423 2123 1544 2194 itinera
1564 2144 1681 2195 mente
1699 2148 1783 2221 pro-

436 2212 640 2314 sequamur,
669 2240 749 2315 quae
764 2242 844 2289 cum
862 2216 971 2292 Paulo
984 2211 1141 2289 emensus
1161 2212 1372 2290 Timotheus
1390 2215 1451 2294 est.
1499 2217 1632 2318 Lysiris
1651 2220 1781 2318 egrell'r,

435 2311 621 2411 Phrygiam
642 2316 679 2384 δι
699 2313 872 2387 Galatiam
895 2315 1094 2412 petierunt,
1134 2313 1194 2385 ubi
1213 2313 1400 2411 percupide
1419 2339 1464 2388 ex
1527 2337 1622 2388 tusa
1649 2318 1784 2391 Galatis

437 2411 588 2490 Paulus,
616 2405 711 2520 quast
734 2412 889 2509 Angelus
910 2411 953 2482 de
977 2409 1064 2483 coelo
1083 2405 1222 2491 suisset,
1252 2433 1379 2508 magno
1400 2435 1479 2484 cum
1510 2417 1606 2486 tuuu
1625 2417 1808 2512 Evange·‘

437 2504 527 2580 lium
538 2507 747 2606 praedrcavit.
798 2507 882 2580 Inde
896 2531 1007 2605 quum
1022 2500 1187 2579 venissent
1205 2501 1423 2605 irt‘Mysram,
1453 2507 1570 2582 srullra
1580 2531 1715 2583 tentato
1724 2535 1786 2611 per

437 2602 640 2699 Bithyniam
661 2606 803 2687 itinere,
832 2627 943 2701 quum
962 2627 1032 2674 non
1051 2599 1172 2675 fineret
1191 2602 1367 2701 Spiritus,
1395 2608 1565 2701 praeterita
1591 2603 1702 2706 Mysia
1723 2609 1786 2680 de·
1822 2697 1825 2702 Ι

434 2696 639 2776 scenderunt
657 2702 809 2776 Troada.
860 2701 961 2774 Illinc
979 2696 1154 2774 solverunt
1168 2700 1206 2772 in
1226 2699 1497 2787 Macedoniam,
1523 2705 1564 2779 δι
1583 2701 1783 2777 Samothra·
1938 2773 1945 2786 ,

434 2822 513 2874 cem
533 2800 716 2895 primum,
744 2797 823 2872 inde
844 2799 1064 2895 Neapolim,
1090 2796 1207 2894 postea
1234 2793 1416 2894 Philippos
1434 2798 1542 2900 (quae
1563 2800 1783 2877 Macedonia
1913 2793 1940 2834 ¹·

436 2893 520 2967 urbs
545 2891 684 2967 exAha
705 2896 922 2969 venientibus
971 2897 1057 2968 rima
1079 2889 1258 2982 occurrit)
1285 2891 1391 2968 delati
1407 2891 1494 2971 sunt.
1545 2898 1598 2971 Ibi
1621 2894 1785 2973 conversa

437 2993 483 3063 ad
503 2987 605 3064 fidem
634 2994 780 3091 Lydia,
812 2995 918 3083 ejesto
943 2920 1064 3090 spiritu
1088 2991 1282 3091 Pythonis,
1308 2996 1508 3068 aDominis
1524 2994 1698 3068 ancillulae
1718 3002 1784 3094 Py·

436 3084 624 3173 thonilsae,
651 3092 689 3161 bc
716 3089 1001 3189 Magistraubus,
1035 3090 1161 3163 Paulus
1182 3088 1325 3163 &Silas
1344 3089 1435 3161 male
1454 3090 1563 3164 habiti
1580 3138 1593 3173 ,
1619 3114 1724 3189 atque
1747 3095 1784 3167 iu

437 3209 606 3260 carcerem
625 3187 791 3275 tonjeiii,
823 3185 995 3257 nosturnis
1024 3184 1165 3282 hymnis
1187 3181 1255 3255 suis
1276 3183 1496 3259 admirationi
1519 3213 1555 3263 ca
1580 3189 1662 3260 rivis
1682 3208 1784 3260 caetc·
1922 3243 1926 3250 .

435 3285 485 3357 ris
506 3284 628 3363 suere,
656 3281 831 3377 baptizato
856 3306 936 3352 cum
955 3302 1031 3351 tota
1053 3281 1183 3352 familia
1206 3277 1264 3350 sua
1281 3214 1578 3355 commentarienlF

437 3378 542 3452 soluti
569 3376 771 3475 Philippis,
807 3402 868 3474 per
893 3374 1136 3475 Amphipolim
1162 3380 1201 3450 δι
1227 3374 1481 3471 Apolloniam,
1510 3375 1784 3458 Thessalonicam

435 3497 616 3548 venerunt.
667 3472 765 3546 Isthic
782 3473 979 3571 complures
1000 3494 1076 3545 tum
1097 3497 1142 3545 ex
1161 3473 1292 3572 Judaeis
1311 3518 1322 3554 ,
1349 3494 1424 3545 tum
1446 3499 1490 3547 ex
1510 3479 1641 3549 Graecis
1655 3478 1729 3572 piis
1747 3505 1785 3557 ac

438 3569 631 3669 religiosis,
659 3573 743 3644 irem
767 3597 811 3645 ex
833 3572 1003 3668 primariis
1024 3566 1323 3667 nobilioribusque
1345 3568 1498 3645 foeminas
1523 3574 1781 3685 nonpullasad

440 3667 546 3744 fidem
567 3666 736 3741 convertit
745 3667 883 3743 Paulus.
932 3665 1165 3765 Ringentillus
1176 3666 1360 3742 incredulis
1374 3669 1536 3766 Judaeisg
1556 3677 1617 3769 qilr
1628 3670 1783 3746 tumultu

437 3767 613 3847 excitato,
641 3765 936 3850 criminationibus
958 3759 1026 3837 suis
1046 3762 1139 3862 apud
1165 3762 1398 3863 magistratum
1419 3759 1556 3841 effecere
1577 3779 1655 3856 ,ut
1674 3751 1782 3843 Paulo

438 3888 518 3938 cum
536 3864 722 3937 comitibus
740 3861 825 3935 urbe
846 3860 1084 3933 excedendum
1106 3858 1221 3936 suerit.
1273 3861 1357 3934 Inde
1383 3866 1538 3936 Beroeam
1551 3888 1702 3948 venere,
1727 3882 1784 3940 at..

439 3985 511 4059 que
526 3958 622 4033 isthic
641 3958 828 4059 praedicato
846 3957 988 4031 feliciter
1001 3957 1190 4057 Evangelio
1209 4002 1221 4043 ,
1245 3958 1360 4056 Judaei
1379 3958 1521 4035 rebelles
1547 3958 1784 4038 Thellalonica

439 4059 637 4138 venientes,
665 4081 772 4130 novas
786 4051 945 4129 aduersus
963 4055 1110 4129 Paulum
1128 4055 1246 4129 turbas
1266 4058 1437 4129 excitant:
1464 4061 1526 4155 qui
1538 4058 1618 4131 inde
1632 4058 1782 4135 Athenas

441 4153 535 4223 abire
552 4155 716 4248 cogitur,
742 4153 813 4226 Sila
832 4153 870 4225 δι
886 4150 1078 4223 Timotheo
1098 4197 1109 4233 ,
1137 4155 1199 4250 qui
1220 4150 1352 4247 semper
1363 4148 1522 4228 haetenus
1536 4156 1644 4231 Paulo
1662 4157 1783 4231 adsue·
1809 4229 1813 4238 ,

441 4269 538 4338 rant,
565 4251 689 4323 relictis
706 4255 859 4323 Beroeae:
885 4246 1013 4347 quibus
1025 4250 1068 4336 ¹in
1085 4250 1257 4323 mandatis
1280 4248 1404 4335 dedii,
1440 4273 1479 4325 ut
1499 4276 1714 4354 quantocyus
1737 4252 1782 4325 ad

438 4338 474 4418 se
496 4341 646 4422 Athenas
665 4368 891 4424 excurrerent.
1386 4359 1389 4365 ’

1562 3308 1585 3355 ι.
1638 3288 1784 3359 carcerc

1089 4384 1238 4517 urlz'
1641 4448 1778 4525 xxiv.
