4667 5442
678 475 1014 576 AoRom.
1070 475 1160 573 IX.
1231 362 1567 577 vere'itl.
1731 480 1798 611 63

447 661 508 725 toea
523 648 672 726 volenter
678 646 750 740 fiat.
807 648 877 748 Vel
896 647 1043 723 alterum
1059 646 1172 724 istud:
1199 650 1273 735 ira,
1301 659 1428 726 Pareo:
1453 658 1529 751 qaia
1541 648 1801 747 fiepleeoirtibo‘.

446 746 681 822 Pulcherrime
698 746 882 821 eddom
909 749 1171 829 reduceremur,
1195 772 1254 820 noro
1278 751 1431 844 impedire
1449 746 1682 829 obedientiam,
1705 772 1801 846 quam

449 848 521 919 Dei
533 849 735 940 providentie
754 841 943 936 deferimus,
989 846 1044 915 uin
1061 848 1102 915 ad
1128 847 1322 937 perditorum
1341 848 1498 921 hominum
1529 850 1652 919 ruinam
1672 847 1801 940 ingereri-

445 939 587 1030 [iamus‚
612 947 663 1016 etei
681 962 786 1016 tameo
793 939 912 1030 scimus
925 866 1006 1029 juso
1022 943 1092 1014 Dei
1104 939 1225 1030 judicio
1247 941 1423 1025 destinatos.
1473 941 1578 1026 Potest
1606 948 1689 1016 enim
1717 946 1802 1014 idem

447 1042 575 1110 animos
595 1040 749 1134 duplicem
764 1039 842 1110 huot
858 1033 1003 1127 offitium
1031 1040 1198 1132 κοίρανος
1225 1056 1261 1109 or
1287 1062 1383 1133 quern
1406 1045 1439 1112 in
1455 1046 1562 1115 Deum
1577 1042 1700 1135 respicit
1722 1084 1733 1122 ,
1758 1039 1799 1110 li·

447 1131 558 1205 hemer
575 1142 685 1231 perire
692 1134 841 1222 sustinear
860 1158 936 1230 quos
949 1137 1081 1229 perdere
1100 1134 1151 1204 ide
1170 1137 1336 1216 decrevi„
1362 1159 1457 1229 quam
1486 1142 1526 1208 ad
1542 1138 1699 1210 hominum
1716 1138 1799 1231 cogi-

447 1236 601 1304 rariorem
618 1233 746 1327 reflexit
765 1288 774 1311 ,
798 1255 904 1302 eorum
919 1230 1009 1302 mado
1026 1228 1227 1319 eorrdolescat.
1280 1236 1342 1304 111.
1365 1238 1449 1304 Non
1472 1232 1671 1329 praejudicat
1690 1234 1795 1305 etiam

446 1327 547 1399 Pauli
562 1351 686 1401 uotum
708 1326 863 1399 charitati
879 1330 959 1397 Deo
980 1325 1120 1398 debitae.
1170 1326 1320 1397 Duabus
1340 1330 1432 1401 enim
1451 1325 1541 1401 hisce
1560 1327 1662 1401 rebus
1688 1374 1701 1409 2
1725 1330 1795 1401 Dei

445 1422 558 1521 gloria
579 1427 616 1497 &
632 1420 838 1504 suasorium,
866 1448 945 1494 curn
965 1417 1159 1495 seinvicem
1184 1422 1353 1505 collatis,
1377 1428 1551 1523 potiorem
1570 1420 1703 1522 semper
1749 1426 1793 1497 iis

447 1519 587 1592 Divinae
624 1521 720 1593 loriae
739 1510 846 1617 uuam
860 1514 927 1590 suae
945 1513 1061 1589 salutis
1078 1521 1245 1591 rationem
1258 1514 1321 1589 effe
1331 1524 1507 1594 conuenit.
1558 1449 1747 1594 Itaveroi

445 1640 499 1687 res
520 1545 679 1713 Apoioli
699 1618 816 1687 anirno
837 1608 1078 1687 obversabatur
1099 1661 1110 1696 ,
1137 1615 1215 1712 plus
1233 1614 1275 1687 ad
1300 1622 1416 1689 Deum
1441 1619 1561 1714 gloriae
1581 1616 1794 1689 redundatu·
1856 1661 1859 1665 -

447 1735 526 1783 rum
546 1707 608 1782 ess'e
623 1739 666 1783 ex
681 1715 750 1783 inte
777 1737 822 1785 rae
843 1711 956 1809 gentis
973 1705 1190 1795 israeliticae,
1213 1733 1268 1784 tot
1285 1713 1432 1785 vinculis
1451 1720 1530 1784 Deo
1552 1738 1651 1787 nexae
1668 1760 1680 1795 ‚
1708 1738 1795 1786 con·

393 1876 401 1890 „
447 1802 599 1879 versrone
622 1831 725 1904 atque
742 1734 875 1889 silure,
905 1831 1010 1903 quam
1036 1833 1084 1880 ex
1112 1803 1172 1880 sua
1195 1809 1326 1905 priuata
1346 1809 1519 1883 felicitate.
1574 1809 1790 1883 Communia

443 1904 516 1973 Dei
534 1910 553 1985 ,'
600 1927 741 1978 uatenus
763 1904 911 1978 nostram
922 1898 1069 1976 absoluit
1087 1904 1304 1987 felicitatem,
1332 1909 1555 2004 quantumuis
1574 1908 1609 1980 in
1628 1902 1660 1979 se
1676 1900 1715 1977 stt
1729 1904 1791 1975 de·

444 1930 631 2073 siderabiiis
644 1998 741 2100 supra
758 2002 877 2075 omnia
893 2025 973 2099 quae
990 2000 1092 2073 nobis
1110 2001 1202 2073 bona
1216 1995 1278 2073 esse
1296 1997 1555 2100 cognoscimus,
1583 2001 1793 2100 postponen-

442 2095 490 2167 da
508 2120 628 2171 tamen.
640 2099 719 2171 esset
733 2100 871 2171 Divinae
895 2097 1016 2197 gloriae
1032 2144 1048 2179 ,
1072 2093 1146 2171 srea
1157 2096 1364 2171 luculentius
1379 2098 1518 2171 aliunde
1535 2097 1694 2173 illustrari
1704 2090 1788 2209 pos-

440 2187 504 2265 set.
556 2196 657 2269 Nulli
676 2198 780 2269 doeto'
794 2198 831 2267 &
850 2196 911 2292 pio
930 2193 1071 2266 dividiae
1086 2196 1150 2267 erit
1166 2189 1193 2265 st
1211 2193 1494 2293 elegantiffimam
1519 2197 1630 2270 Phorii
1649 2192 1789 2267 tatroci-
1895 2252 1898 2257 .

443 2293 621 2363 nationem
637 2319 684 2388 ex
703 2293 839 2365 laudata
860 2288 1002 2387 epistola
1016 2289 1071 2361 hic
1092 2315 1237 2387 quoque
1255 2291 1437 2389 legendam
1462 2289 1657 2364 exhibeam.
1708 2285 1746 2355 Ti
1767 2278 1790 2405 'p'

443 2391 575 2452 τοιαῦτα
590 2382 639 2470 ’Ui
664 2390 769 2484 φρονεῖν
783 2384 834 2455 eoi
850 2391 948 2469 >ripere
966 2382 1018 2453 deo
1035 2390 1095 2455 Θεῧ
1103 2383 1254 2498 >cooperuit
1275 2394 1369 2462 ἐς-ιν,
1400 2383 1452 2454 ἔτι
1467 2382 1638 2463 diesceret,
1662 2380 1789 2491 irurttp

443 2473 563 2550 μᾶλλον
582 2476 738 2558 θαυμασία
757 2501 805 2546 τις
831 2468 883 2539 oe>
909 2467 1057 2567 impetrire
1078 2519 1087 2547 ‚
1111 2499 1162 2542 roto
1192 2472 1450 2567 retrorrperrmirr
1478 2470 1617 2553 corripere
1639 2517 1649 2545 ‚
1674 2468 1726 2537 roei
1745 2490 1786 2533 etr

443 2554 517 2649 πρὶς
539 2553 607 2628 &eir
626 2557 677 2624 eei
698 2554 841 2651 ἀνθρώπως
861 2554 1072 2668 ἆπαβιβλέτκ
1092 2556 1203 2667 usurpet
1226 2557 1412 2652 ireppefoieo
1433 2555 1641 2670 ereptis-aere,
1666 2554 1715 2621 eei
1727 2552 1785 2637 μά-

444 2668 515 2714 ror,
539 2642 573 2714 oie
592 2640 726 2719 daodde,
749 2647 967 2737 ritreerapoom
980 2642 1078 2716 'treione
1093 2641 1173 2711 reio
1195 2643 1262 2711 erite
1283 2648 1392 2711 neore
1413 2641 1509 2726 ψυχῆς
1536 2636 1785 2735 irrepoipperorot

441 2722 612 2821 γνώρισμα·
656 2738 731 2805 Hoc
744 2728 921 2818 stertire&
941 2733 1043 2802 dicere
1063 2756 1123 2803 noro
1149 2667 1193 2815 eli
1210 2755 1230 2800 a
1250 2737 1323 2804 Deo
1342 2730 1525 2823 se‘parotr'o;
1554 2728 1608 2818 sed
1626 2734 1709 2800 mira
1726 2744 1785 2826 po·

440 2828 508 2897 tius
531 2830 665 2921 quedam
694 2828 892 2917 conjuneiio,
915 2830 959 2901 ei*
982 2827 1055 2899 unio
1075 2828 1174 2922 supra
1196 2850 1343 2899 naturam
1360 2830 1513 2903 innovata
1534 2850 1546 2915 3
1579 2828 1692 2898 amoris
1709 2846 1788 2917 erge

440 2926 553 2997 Deum
569 2925 611 2996 (ν
631 2948 706 3019 erga
721 2924 863 2997 homiues
890 2920 1146 3018 incomparabile
1172 2919 1334 3015 ooaoifesta
1354 2919 1535 3005 exhibitioe
1560 2921 1671 3015 infigoe
1690 2923 1785 3017 quod-

438 3023 512 3092 dam
525 3019 687 3115 proprium
705 3021 803 3095 beata
821 3017 1109 3103 &resederimus
1132 3021 1231 3095 Pauli
1248 3023 1365 3096 anime.
1416 3026 1478 3095 IV.
1495 3024 1580 3095 Non
1604 3019 1785 3089 invertitur

439 3117 545 3188 etiam
567 3116 758 3189 dileetionis
773 3118 874 3190 ordo.
922 3124 1016 3193 Nam
1034 3114 1127 3191 srcuti
1151 3124 1311 3193 Seruator
1334 3118 1496 3197 monuit,
1523 3110 1625 3187 satius
1650 3107 1713 3183 effe
1743 3132 1788 3184 ut

1747 1544 1883 1594 aec‘

438 3236 549 3283 unum
568 3213 763 3286 membrum
779 3210 970 3294 resecetur,
1048 3238 1158 3287 amut
1176 3237 1291 3286 totum
1312 3238 1435 3311 corpus
1453 3232 1598 3309 pereat3
1623 3210 1673 3278 ira
1694 3216 1786 3281 Pau·
1955 3271 1960 3314 3

440 3306 498 3379 lus
526 3304 591 3380 hoc
626 3305 812 3406 spectauit,
848 3307 972 3379 melius
994 3334 1017 3401 e
1039 3336 1057 3377 e
1084 3331 1125 3379 ut
1149 3310 1192 3379 de
1212 3331 1338 3404 magno
1367 3330 1509 3401 corpore
1529 3301 1662 3376 servato
1685 3308 1786 3375 Deus

438 3400 582 3474 haberet
598 3403 769 3500 gloriam,
796 3398 830 3472 se
854 3398 1001 3488 resesto3
1027 3426 1133 3500 quam
1153 3398 1273 3501 utipse
1294 3398 1498 3479 servaretur,
1526 3401 1562 3472 &
1581 3397 1785 3497 Judaeorum

435 3494 664 3580 universate,
699 3524 780 3597 quae
806 3500 927 3596 magni
949 3524 1006 3572 eor
1033 3500 1102 3570 oris
1127 3498 1226 3572 instar
1253 3520 1349 3579 erat,
1378 3496 1577 3586 abjiceretur
1603 3499 1636 3566 in
1652 3493 1787 3593 gehen·

434 3621 531 3672 nam.
584 3601 668 3668 Non
684 3590 749 3693 pro
768 3620 838 3668 uno
853 3596 972 3693 aliquo
984 3524 1133 3670 riaeliea
1147 3594 1327 3667 anathema
1338 3592 1442 3667 fierio
1468 3612 1542 3664 tat:
1566 3615 1675 3689 quum
1687 3593 1783 3665 enim

435 3696 597 3765 omnium
618 3690 802 3764 hominum
829 3716 929 3790 aeque
951 3688 1099 3790 pretioso
1126 3688 1165 3764 sit
1188 3693 1303 3764 anima
1318 3736 1329 3773 ‚
1359 3618 1466 3765 nihip
1558 3689 1565 3702 ⁴

436 3788 499 3863 ista
514 3790 767 3887 permutatione
794 3784 903 3871 esset,
931 3794 968 3864 &
993 3788 1035 3862 fic
1052 3785 1200 3887 quisque
1224 3784 1284 3859 fibi
1312 3781 1374 3884 ipsr
1393 3785 1440 3859 est
1460 3785 1655 3883 proximus.
1706 3788 1786 3877 Lu·
1855 3853 1862 3862 ,

435 3911 534 3960 crum
552 3906 667 3956 autem
690 3880 821 3983 semper
837 3887 874 3956 in
891 3882 1058 3973 eiusmodi
1076 3885 1328 3983 permutatione
1346 3878 1566 3980 spestandum
1587 3878 1633 3952 est
1653 3908 1664 3952 ι
1689 3878 1786 3951 unde

434 4008 480 4056 ne
495 3980 643 4080 quidem
656 3982 856 4078 temporalis
875 3984 945 4053 vira
962 4009 1027 4080 pro
1045 3984 1155 4054 altero
1176 3979 1337 4079 ponenda
1356 4028 1368 4062 ‚
1395 3974 1454 4052 nist
1476 3976 1570 4049 sslius
1586 3977 1656 4048 vita
1668 3976 1785 4065 majo-

433 4081 482 4154 ris
496 4079 597 4175 pretii
618 4100 721 4175 atque
741 4073 820 4150 usus
841 4072 892 4149 stt.
943 4084 998 4150 De
1018 4099 1141 4152 caetero
1160 4103 1213 4150 res
1232 4071 1304 4173 ipsa
1324 4076 1482 4175 loquitur
1501 4120 1512 4156 ‚
1539 4073 1676 4169 aliquot
1698 4071 1786 4145 mil-

434 4176 530 4250 lenas
547 4176 678 4247 animas
694 4176 846 4272 potiores
860 4168 922 4246 esse
943 4199 1039 4261 une3
1065 4176 1236 4248 &melius
1256 4167 1320 4243 effe
1337 4197 1447 4244 unum
1470 4170 1579 4250 mori,
1609 4191 1782 4267 quamto-

434 4291 511 4343 tum
532 4270 684 4368 aliquem
702 4272 876 4369 popuium
900 4274 1032 4368 perire,
1054 4270 1135 4369 Joh.
1159 4296 1203 4345 xr
1221 4297 1231 4342 ι
1251 4286 1311 4359 50.
1362 4274 1407 4342 V.
1436 4268 1599 4365 Denique
1620 4266 1778 4337 omnium

434 4368 577 4442 numme
596 4367 710 4445 uoluit
728 4367 859 4446 Paulus
874 4388 959 4442 voto
977 4368 1045 4443 hoc
1065 4362 1127 4441 suo
1147 4368 1310 4461 injuriam
1330 4364 1439 4442 fatere
1463 4365 1567 4439 unito
1589 4360 1783 4439 redemtori

1471 3714 1619 3760 omnmo
1641 3688 1726 3761 lucri
1743 3689 1786 3761 in
1900 3695 1903 3703 ‘

1672 4453 1783 4553 cffi-
