4667 5442
542 474 718 576 602-
839 473 1220 564 lnrurct
1290 464 1571 563 Canll.

361 654 534 731 Imago·-
641 646 705 717 lX.
735 646 832 718 Hanc
852 636 1070 739 personarum
1102 642 1395 737 permutationem
1422 637 1565 759 augusto
1589 630 1759 713 sermone
1781 638 1902 737 praedi·

355 732 514 811 fi‘2l’f‘df·
542 743 633 814 cavit
653 740 802 835 Μίκκα
822 747 961 831 Mareu.
971 741 1004 808 in
1019 737 1163 832 Epistol
1178 743 1381 833 Diognetum.
1415 736 1453 803 τί
1467 745 1544 801 amo
1561 730 1621 809 onir
1643 734 1815 829 &capsae
1828 738 1901 819 ἑμόν

542 837 669 905 ἐδυνήθη
689 835 855 917 καλύψαι,
879 827 1002 902 itroire
1018 835 1178 903 hieroam
1201 862 1211 912 3
1241 840 1268 901 iu
1290 832 1351 901 ‘rste
1373 834 1570 901 haereditet
1595 828 1728 899 sbtaeiv
1753 828 1813 908 saie
1839 832 1902 901 ἐπ’·

541 949 599 1010 pater
618 925 695 1006 lp&
716 916 765 1006 ’Ul
786 919 921 994 nitescit,
947 912 963 986 ir
992 925 1019 986 ’tv
1039 926 1082 1033 ‘th
1099 922 1151 1002 ὑιῷ
1174 923 1214 985 τῦ
1232 924 1320 997 Θεές
1354 910 1442 992 do‘aie
1457 921 1597 1000 phoreim
1621 924 1839 1004 καταὶλαγῖς
1855 910 1903 993 ,ri

362 826 422 866 cata
434 830 452 865 a
468 803 526 884 Ju-

356 883 437 957 sums

541 1012 596 1082 ‘r‘air
617 1002 811 1093 αἰνιξιχνιαίςκ
830 1010 917 1090 shuts
934 1003 1005 1085 psat
1027 1050 1036 1081 ,
1059 1034 1080 1072 ω
1098 1009 1155 1074 τῶν
1178 1002 1400 1101 :impersonalem
1419 1006 1599 1109 ivqppacetit,
1628 1000 1680 1070 lm
1696 1001 1818 1089 ἀνομία
1829 1022 1902 1074 πολ.

542 1098 600 1161 λῶν
620 1102 646 1162 ἰν
667 1086 767 1177 hubo
792 1090 832 1161 ivi
856 1119 904 1183 κρυ
923 1118 964 1177 ῃ,
986 1090 1147 1159 denotasset
1169 1090 1207 1179 dli
1234 1088 1290 1163 iric
1310 1083 1424 1162 reclude
1445 1089 1556 1171 ινόμκς
1583 1085 1730 1177 demerim
1754 1122 1763 1165 :
1808 1093 1900 1187 Qid

542 1193 632 1271 aliud
648 1214 777 1292 peccata
796 1192 897 1275 nostra
914 1214 1017 1289 tegere
1035 1200 1167 1287 potuit,
1195 1218 1288 1289 quam
1306 1192 1373 1284 ejus
1386 1188 1513 1283 justitia
1532 1193 1549 1263 ,ἒ
1572 1193 1606 1262 in
1622 1214 1687 1285 quo
1702 1188 1773 1264 alio
1784 1192 1901 1265 nosim'·

543 1296 599 1392 qui
612 1295 656 1367 Θ*
678 1294 770 1387 impii
785 1309 846 1385 pro
859 1288 948 1384 justa
966 1288 1076 1364 haberi
1091 1290 1270 1387 possumus,
1289 1313 1381 1385 quam
1399 1290 1430 1359 in
1438 1287 1506 1378 folo
1518 1289 1586 1360 Dei
1600 1286 1690 1360 Filio
1711 1290 1730 1359 ,ἒ
1756 1291 1793 1358 Ο
1815 1312 1901 1359 nur·

547 1415 629 1463 can
656 1385 1033 1462 rannurarlouurn!
1059 1393 1087 1461 0
1107 1382 1423 1484 impervestigabilem
1447 1388 1547 1479 operit
1567 1386 1899 1458 concinnationemle

544 1486 754 1582 inexpensa
772 1479 946 1571 beneficia?
965 1488 1007 1557 'ut
1025 1483 1361 1581 multoruminiquitar
1378 1485 1486 1554 inuno
1500 1476 1581 1575 jusso
1592 1480 1766 1555 occulatur
1782 1515 1796 1567 ;
1819 1478 1900 1574 jaste

546 1589 596 1659 tia
614 1584 800 1655 verruntur
815 1581 932 1655 multos
951 1583 1075 1679 iniquos
1089 1576 1246 1674 jndaico.

366 1742 403 1802 χ.
424 1737 512 1795 Lucu-
647 1699 696 1768 X.
723 1694 862 1769 Prolixe
882 1697 919 1766 &
937 1692 1097 1790 praeclare
1109 1691 1181 1766 haec
1200 1688 1377 1767 exsecutus
1397 1690 1586 1767 Turretinur
1606 1688 1679 1773 est,
1711 1696 1753 1766 de
1778 1688 1900 1782 Sareisa-

370 1822 455 1872 tenm
476 1834 520 1870 ex·
549 1793 657 1867 &ionii
677 1790 792 1875 christi
808 1794 974 1870 veritate,
996 1808 1083 1886 part.
1107 1796 1216 1875 rus.
1235 1812 1371 1863 rnrxrv.
1423 1795 1550 1884 Neque
1572 1787 1723 1861 dividiae
1744 1793 1898 1888 cuiquam

366 1893 448 1966 postca
465 1910 482 1984 3¹
549 1890 621 1963 sore
635 1888 762 1971 credo,
791 1883 815 1959 sr
834 1884 936 1984 ipsius
956 1884 1059 1960 verba
1075 1884 1131 1960 hic
1145 1910 1288 1983 quoque
1301 1886 1470 1982 legantur.
1521 1884 1842 1971 Quemadmodum
1855 1889 1900 1975 ju·

370 1966 520 2036 Turreom,
548 1986 637 2061 stitia
654 1986 801 2058 dicimur
817 1981 889 2057 lieri
900 1985 935 2055 in
957 1980 1095 2056 Christo
1117 2008 1161 2056 ex
1181 1984 1408 2079 imputatione
1427 2027 1439 2064 ,
1466 1984 1549 2078 quia
1559 1980 1605 2052 ob
1619 1980 1796 2069 justitiam
1807 1983 1898 2056 Chri·

549 2083 610 2165 sti,
638 2108 697 2179 per
717 2078 820 2154 fidem
841 2081 975 2153 anobis
994 2074 1261 2176 apprehensam,
1289 2084 1365 2154 &a
1388 2083 1468 2150 Deo
1484 2080 1725 2176 imputatam,
1755 2080 1835 2170 julli
1850 2104 1898 2153 to-

550 2174 1014 2277 ramipsopronunciamu13
1038 2180 1087 2249 ita
1100 2176 1265 2258 vicissim,
1292 2198 1332 2248 ut
1341 2170 1536 2248 antithesros
1549 2175 1639 2248 ratio
1652 2176 1816 2261 constet,
1835 2202 1900 2274 pec·

551 2300 667 2352 catum
685 2276 789 2349 fastus
810 2273 856 2347 est
873 2295 941 2374 pro·
954 2272 1056 2347 nobis
1076 2275 1328 2371 imputatione,
1365 2272 1447 2368 quia
1462 2293 1574 2344 reatus
1595 2270 1717 2345 noster
1740 2321 1753 2356 ,
1785 2300 1857 2372 quo
1872 2276 1901 2346 in

552 2375 620 2447 Dei
639 2374 767 2463 judicio
787 2371 1102 2469 obstringebamur,
1130 2370 1185 2441 illi
1205 2391 1244 2441 ut
1263 2367 1425 2466 Sponsori
1439 2366 1552 2441 nostro
1572 2365 1618 2441 est
1628 2367 1824 2468 impositus
1835 2417 1846 2453 ,
1870 2390 1901 2440 ut

552 2496 668 2570 poenas
687 2469 741 2542 illi
761 2469 893 2542 debitas
911 2471 1024 2542 ferret.
1075 2467 1213 2540 Eximie
1231 2463 1424 2561 Augustinus
1441 2465 1746 2540 talachirichun
1760 2474 1903 2541 samm·

474 2649 482 2657 ,
551 2588 717 2663 capam.
754 2565 825 2661 Ipse
837 2585 1021 2661 peccatum,
1046 2565 1091 2639 ὁ*
1107 2560 1324 2653 nosjuflitta:
1348 2587 1405 2635 nec
1419 2560 1544 2647 nostra,
1557 2559 1612 2650 sed
1625 2566 1725 2635 Dei:
1754 2568 1904 2639 nerim

553 2664 620 2744 bo,
638 2662 695 2752 sed
709 2667 741 2734 in
756 2664 831 2758 ipso.
881 2666 983 2734 sicuti
994 2659 1056 2756 ipse
1070 2678 1233 2756 peccatum
1244 2693 1257 2744 ;
1282 2685 1341 2735 non
1353 2657 1465 2748 steron,
1483 2657 1539 2748 sed
1559 2654 1726 2742 nostrum,
1751 2687 1811 2735 nec
1825 2659 1902 2751 inse,

550 2757 605 2851 sed
627 2762 660 2829 in
673 2755 758 2829 nobis
770 2754 875 2848 fhssua
899 2755 950 2839 est.
1000 2764 1052 2829 lta
1082 2752 1211 2830 scilicet
1239 2777 1427 2830 siruamus
1458 2778 1794 2831 rennurnrroue
1824 2756 1898 2832 malt

555 2851 667 2928 nostra
681 2855 717 2925 in
733 2850 766 2926 se
786 2855 913 2947 recepit
932 2900 942 2935 ,
970 2874 1009 2923 ut
1026 2853 1118 2923 bona
1136 2852 1194 2924 sua
1207 2856 1308 2933 nobis
1327 2855 1505 2950 largiretur
1526 2879 1539 2939 3
1563 2857 1698 2951 recepit
1721 2854 1900 2937 miseriam,

556 2973 596 3024 ut
612 2949 790 3047 largiretur
808 2948 1097 3032 misericordiam3
1123 2951 1250 3045 recepit
1269 2950 1569 3031 maledihionem,
1597 2974 1637 3020 ut
1658 2953 1904 3028 benedictionis

523 3102 540 3118 .-
557 3043 625 3122 suae
644 3068 825 3144 compotes
845 3071 909 3119 nos
927 3046 1071 3130 faceret,
1096 3049 1223 3143 recepit
1240 3072 1387 3129 mortem
1409 3094 1420 3130 ,
1449 3069 1488 3119 ut
1506 3048 1613 3118 vitam
1633 3050 1810 3125 conferret
1817 3075 1830 3135 3
1852 3074 1903 3120 rc·

558 3145 651 3241 cepit
662 3168 860 3240 peccatum,
888 3165 927 3217 ut
938 3140 1097 3235 justitiam
1111 3143 1353 3241 impertiretur.
1404 3150 1613 3241 Quanquam
1631 3145 1901 3220 verohaeccom-

557 3244 705 3315 mutatio
717 3240 850 3337 duplex
867 3243 957 3314 inter
975 3237 1051 3312 sein
1066 3264 1108 3311 eo
1119 3242 1317 3315 conveniat:
1343 3244 1481 3338 primo,
1510 3240 1609 3338 quod
1620 3241 1655 3331 in
1671 3266 1817 3341 utraque
1824 3241 1905 3314 alie·

557 3362 643 3410 num
665 3338 752 3435 quid
770 3337 890 3429 judicii
917 3337 1041 3410 Divini
1067 3336 1290 3411 aestimatione
1309 3341 1344 3410 in
1364 3334 1542 3436 personam
1561 3338 1768 3414 transfertur
1788 3368 1801 3428 3
1832 3364 1906 3437 quae

559 3433 736 3507 translatio
754 3460 824 3507 non
846 3433 892 3509 est
903 3433 1023 3523 judicii
1034 3433 1202 3506 aberratio
1214 3479 1225 3515 ,
1252 3429 1312 3505 sed
1324 3459 1362 3506 ea
1375 3431 1575 3532 dispositio,
1635 3460 1682 3508 ua
1721 3438 1907 3536 ropterali·

558 3529 648 3627 quid
669 3529 711 3601 ab
729 3529 800 3604 alio
815 3530 1003 3628 praestitum
1020 3576 1033 3612 ,
1059 3529 1123 3602 tibi
1143 3554 1214 3603 non
1234 3528 1321 3603 nihil
1332 3528 1531 3606 adscribitur
1544 3557 1581 3604 ac
1604 3461 1635 3604 si
1649 3463 1726 3631 ipse
1744 3559 1786 3607 ea
1798 3532 1907 3633 perso·

561 3651 604 3699 na
623 3623 724 3708 esses,
753 3650 986 3722 aquqortum
1002 3624 1099 3698 estid
1117 3626 1265 3709 factum,
1291 3651 1433 3724 propter
1446 3652 1624 3725 peccatum
1644 3632 1806 3706 nostrum
1820 3656 1905 3706 mors

560 3721 700 3797 Christo
713 3719 895 3819 imposita,
923 3749 961 3795 ac
982 3716 1094 3820 sripse
1107 3719 1289 3820 peccasset,
1317 3726 1353 3796 ὃ(
1368 3748 1507 3822 propter
1519 3724 1686 3814 justitiam
1699 3728 1833 3804 Christi
1841 3731 1903 3803 vita

559 3817 780 3893 &hereditas
799 3818 901 3892 nobis
917 3818 1064 3901 collata,
1090 3843 1128 3891 ac
1146 3815 1260 3910 srjusti
1271 3815 1607 3919 essemuslegemque
1619 3822 1902 3920 implevissemus.

448 3947 453 3955 ·
559 3914 698 3987 Deinde
712 3960 724 3996 ‚
737 3913 847 4012 quod
865 3916 1052 4025 utrobique
1070 3939 1182 3989 nexus
1201 3911 1263 3987 elle
1281 3916 1402 3989 debuit
1420 3920 1507 3992 inter
1529 3917 1590 3991 has
1610 3919 1805 4017 personas:
1831 3948 1905 3997 nam

560 4034 674 4105 neque
685 4007 823 4084 Christo
843 4013 1004 4109 imputari
1023 4008 1208 4109 potuillent
1218 4036 1356 4109 peccata
1366 4014 1494 4095 nostra,
1523 4012 1909 4113 nisitumnaturaeejus·

561 4104 643 4177 dem
657 4107 822 4189 vinculo,
848 4131 924 4180 tum
936 4106 1128 4181 voluntaria
1145 4104 1323 4206 sponsione
1343 4107 1522 4184 nobiscum
1533 4114 1650 4188 unitus
1665 4114 1769 4193 esset:
1796 4142 1905 4216 neque

554 4199 687 4293 ¹justitia
707 4201 832 4277 christi
850 4205 952 4278 nobis
972 4205 1223 4303 imputaretur,
1250 4202 1310 4277 nisi
1331 4208 1368 4278 in
1390 4232 1496 4281 unum
1514 4234 1593 4283 cum
1604 4208 1682 4308 ipso
1692 4240 1826 4316 corpus
1835 4241 1909 4289 (οι.

559 4294 749 4375 luilsemus.
802 4305 936 4375 Tamen
959 4304 1055 4375 ineo
1080 4299 1185 4399 longe
1215 4296 1401 4386 differunt,
1438 4304 1536 4402 quod
1557 4304 1692 4383 Christo
1723 4315 1909 4412 imputatio

562 4394 646 4472 sada
668 4394 714 4473 est
731 4392 918 4479 secundum
936 4396 1124 4495 justitiam,
1150 4398 1253 4477 nobis
1270 4425 1314 4480 ex
1322 4395 1566 4481 misericordia.
1615 4406 1778 4490 uilium
1794 4435 1913 4512 pecca·

1843 4532 1914 4583 mm
