4667 5442
474 475 476 482 '
602 491 704 595 734
830 464 1050 558 Ounno
1088 482 1155 550 oe
1192 453 1370 548 Pauci
1406 477 1483 548 au
1520 451 1783 550 luuauet

603 642 684 714 dam
699 640 768 712 dici
791 631 883 735 posse
901 635 1081 710 arbitratus
1109 631 1183 708 stm.
1235 629 1305 708 Sed
1322 627 1537 730 parcendum
1559 627 1636 705 esse
1660 629 1858 707 existimavi
1873 631 1927 706 rin·

601 763 679 813 rum
695 735 897 817 modestiae,
925 729 1218 808 &declinandam
1241 727 1326 802 mihi
1346 775 1359 812 ,
1387 724 1454 802 sive
1468 727 1618 814 laudis,
1651 724 1727 804 five
1747 725 1868 804 silentii
1881 729 1928 804 ἰπὶ

603 833 711 907 diam.
765 836 844 905 Hoc
866 855 975 903 unum
996 824 1158 900 addidisse
1177 822 1341 902 sufficiat:

705 909 820 1002 Habet
846 931 1034 1000 etiamnum
1061 924 1201 1022 Belgica
1220 922 1331 998 nostra
1358 920 1455 1022 quod
1474 919 1569 997 coelo
1593 924 1779 1022 imputet.
1828 919 1931 1092 lanz

606 1025 744 1101 aliunde
764 1020 874 1097 Musae
892 1024 978 1098 lares
990 1022 1045 1095 hic
1067 1017 1147 1093 suos
1165 1015 1271 1093 fixille
1289 1021 1461 1094 videntur.
1513 1019 1728 1118 Nusquam
1741 1020 1889 1096 locorum

607 1127 711 1196 sliota
728 1123 770 1193 iis
791 1118 955 1193 exstrusta
971 1117 1100 1214 templa
1125 1165 1136 1197 ,
1164 1113 1333 1214 nusquam
1351 1117 1509 1192 castiores
1536 1116 1621 1188 dati
1645 1112 1875 1198 sacerdotes,
1892 1107 1931 1188 d

608 1243 715 1318 quam
734 1219 942 1290 reverentius
961 1241 996 1289 ac
1019 1209 1210 1309 religiosius
1230 1213 1357 1287 habitae
1375 1209 1462 1286 sunt.
1513 1218 1664 1310 Neque
1687 1211 1932 1287 immeritodli·

609 1337 746 1396 temus,
775 1338 817 1385 an
837 1311 910 1383 ulla
926 1308 1059 1408 uspiam
1079 1313 1114 1390 in
1136 1313 1233 1383 tertis
1251 1313 1347 1409 regio
1367 1331 1496 1383 tantam
1522 1307 1722 1384 bonarum
1746 1307 1934 1384 srmttlart'n

609 1412 821 1488 ubertatem,
849 1430 978 1480 tantam
990 1406 1256 1480 douiffimorum
1269 1409 1305 1479 in
1316 1407 1412 1478 omni
1433 1404 1605 1478 facultate
1629 1405 1935 1480 virorumcelenn

610 1530 705 1586 tem,
732 1528 859 1577 tantam
876 1502 1064 1577 illustrium
1091 1501 1294 1576 Scholarum
1319 1503 1599 1599 florentiumque
1620 1503 1935 1584 Academiarum

530 1617 536 1628 ‘
612 1601 767 1701 quibus,
796 1625 902 1698 apage
929 1597 1041 1672 livor!
1067 1598 1178 1672 nostra
1199 1598 1271 1672 haec
1301 1602 1362 1672 vix
1378 1598 1444 1674 ulli
1466 1597 1648 1672 concedit
1678 1601 1811 1686 alteri,
1836 1599 1935 1695 sitque·

612 1702 721 1780 tiam,
745 1701 779 1772 in
799 1720 869 1768 tam
892 1698 1021 1793 exiguo
1037 1699 1143 1768 tractu
1163 1692 1389 1792 conspexerit.

713 1799 759 1865 At
787 1818 829 1863 ue
847 1791 917 1866 haec
938 1791 1082 1888 quidem
1100 1795 1147 1864 ita
1162 1816 1184 1862 a
1201 1818 1257 1863 me
1277 1787 1445 1889 disputata
1465 1786 1573 1874 sunt,
1603 1793 1817 1870 Auditores
1835 1840 1846 1878 ,
1867 1813 1935 1865 uu·

617 1913 704 1966 tetas
719 1820 913 1988 disdiplinas
927 1885 988 1960 suo
1005 1886 1241 1961 aestimaverim
1261 1893 1396 1987 pretio,
1416 1911 1450 1960 at
1458 1891 1804 1966 THEOLOGIAE
1816 1887 1934 1964 meacul-

615 1988 686 2062 lam
703 1986 863 2059 hedenus
886 1986 1059 2072 injecerim
1087 1985 1312 2058 mentionem.
1363 1984 1486 2059 Nolim
1518 2009 1656 2062 autem
1688 1987 1883 2062 existimetis
1899 1987 1935 2070 tin

616 2109 672 2157 me
689 2085 838 2159 oblitum
853 2078 973 2164 luille,
1001 2105 1060 2153 aut
1072 2075 1226 2153 oblivisci
1246 2077 1413 2177 potuisse,
1435 2078 1647 2176 sapientiae,
1681 2089 1745 2158 cui
1766 2111 1786 2158 a
1806 2079 1936 2159 tennisd·

617 2203 711 2254 catus
731 2181 956 2278 unguiculis,
986 2181 1039 2251 cui
1062 2179 1248 2250 innutritus
1268 2174 1373 2260 sum,
1402 2179 1435 2249 in
1456 2200 1528 2272 qua
1559 2204 1705 2256 omnes
1724 2178 1831 2280 spes,
1853 2206 1872 2251 o
1914 2197 1934 2248 t

616 2277 752 2351 deliciae
773 2302 858 2349 meae
878 2271 945 2348 srtae
965 2272 1060 2357 sunt,
1090 2298 1196 2372 quam
1215 2273 1303 2346 ultra
1323 2274 1552 2372 quadraginta
1573 2301 1703 2353 annos
1722 2282 1760 2352 in
1783 2278 1857 2353 Eccl
1901 2273 1934 2356 a&

487 2423 489 2428 -
617 2377 742 2472 viginti
757 2398 825 2447 tres
840 2375 874 2444 in
890 2372 968 2469 plus
981 2396 1048 2444 una
1063 2370 1244 2445 Academia
1260 2368 1392 2444 summa
1410 2395 1489 2443 cum
1507 2373 1719 2470 voluptate
1741 2378 1867 2457 docui,
1884 2371 1933 2444 &³¹

617 2477 714 2562 cujus
735 2470 980 2560 iucundilsrmis
999 2468 1215 2566 amplexibus
1224 2468 1374 2542 animam
1386 2465 1571 2552 exhalare,
1605 2470 1933 2548 solatiorumnteu!

620 2568 785 2641 ultimum
804 2570 879 2640 erit.
932 2566 1072 2665 Judicio
1092 2568 1208 2662 itaque
1229 2563 1431 2648 factumest,
1485 2566 1564 2637 uod
1585 2594 1711 2656 eam,
1741 2571 1929 2670 quamtita-

619 2666 716 2735 nium
730 2665 942 2761 principem,
971 2664 1005 2734 in
1018 2685 1210 2734 extremum
1223 2661 1312 2735 hunc
1329 2661 1446 2735 locum
1459 2589 1695 2759 seposuerim
1707 2695 1723 2757 3
1750 2671 1930 2768 quippep-

618 2762 791 2855 ptaecipua
811 2756 895 2829 mihi
915 2781 992 2830 cura
1006 2758 1187 2832 dicendam
1201 2755 1264 2830 ell'e
1278 2760 1513 2832 memineram.

717 2853 836 2926 Credo
854 2853 1040 2948 equidem,
1064 2855 1213 2949 provido
1235 2852 1461 2951 sapientissimi
1477 2861 1667 2933 Numinis
1689 2859 1836 2938 consilio
1851 2853 1936 2936 lamb·
1972 2919 1978 2936 .

618 2951 711 3024 tibus
729 2951 859 3022 caeteris
877 2971 948 3020 tam
963 2949 1132 3049 fulgidam
1145 2949 1315 3025 accensam
1330 2949 1422 3025 fuisse
1436 2953 1545 3027 facem
1565 3001 1580 3037 ,
1613 2980 1660 3030 ut
1681 2947 1942 3034 Tflfiolocts
1976 2939 1978 2968 ¹

618 3047 833 3146 potissimum
854 3044 1107 3144 praelucerent:
1147 3050 1242 3138 cujus
1260 3050 1420 3141 majestati
1445 3075 1517 3149 quo
1542 3047 1944 3151 obsequiosronecalu

619 3144 846 3226 submittunt,
874 3168 916 3214 eo
936 3141 968 3215 se
981 3141 1060 3241 plus
1078 3144 1191 3218 laudis
1208 3172 1246 3219 ac
1263 3147 1385 3245 gloriae
1397 3145 1575 3221 habituras
1595 3148 1672 3222 elle
1695 3152 1813 3230 sciant.
1847 3153 1876 3224 N

508 3241 510 3248 '
618 3242 771 3344 profesio
794 3241 909 3313 officio
930 3237 986 3313 hic
1004 3237 1065 3312 suo
1084 3242 1265 3317 defuerunt
1278 3242 1424 3317 illustres
1441 3247 1596 3333 animae3
1627 3274 1753 3347 quae,
1775 3245 1894 3349 quidqui
1918 3241 1946 3312 iu

617 3335 839 3436 Philosophia
857 3339 1058 3410 invenerant¹
1073 3336 1196 3421 solidi,
1218 3341 1393 3438 quidquid
1409 3343 1443 3414 in
1456 3342 1681 3439 antiquitate
1710 3349 1868 3428 Hebraea,
1879 3345 1947 3416 Gli·

618 3464 678 3521 ca,
700 3442 860 3510 Romana
883 3434 1028 3516 eruditi,
1052 3437 1228 3534 quidquid
1248 3438 1283 3508 in
1300 3459 1369 3509 arte
1387 3439 1670 3536 Hippocratica‚
1705 3468 1774 3518 aut
1790 3435 1943 3536 jurisml'·

617 3534 821 3633 prudentia,
850 3530 947 3628 quod
967 3530 1082 3628 aliqua
1102 3533 1133 3604 se
1148 3558 1228 3606 cum
1240 3529 1339 3607 sacris
1359 3534 1479 3607 nostris
1494 3533 1609 3610 literis
1621 3541 1809 3615 affinitate
1818 3553 1941 3618 comm·

619 3631 743 3712 daret,
772 3629 809 3700 id
839 3652 943 3699 omne
971 3629 1013 3699 ad
1043 3655 1098 3702 eas
1120 3629 1334 3703 illustrandas
1358 3627 1478 3730 infigni
1500 3631 1729 3710 dexteritate
1762 3637 1947 3713 conulem

619 3732 736 3822 Atque
755 3728 801 3798 ita
819 3721 880 3796 usu
898 3727 1012 3807 venit,
1030 3748 1069 3798 ut
1082 3725 1301 3826 Theologia,
1322 3723 1390 3800 suis
1411 3731 1628 3825 caeteroquin
1650 3733 1798 3832 opibus
1818 3749 1954 3813 conten

619 3847 708 3896 nunc
722 3825 866 3896 exoticis
878 3845 1021 3919 quoque
1031 3817 1189 3905 divitiis,
1217 3825 1312 3897 velut
1325 3826 1453 3921 opimis
1466 3819 1610 3922 spoliis,
1639 3830 1734 3906 locu
1764 3819 1889 3914 letata,¹
1907 3823 1957 3902 utl-

617 3921 686 3992 tius
706 3943 811 4017 quam
824 3941 976 4014 unquam
989 3922 1024 3992 in
1034 3921 1214 4019 publicum
1226 3921 1415 4018 prodierit,
1443 3920 1712 4024 majestatisque
1729 3857 1960 4006 haaeconseffiu·

619 4037 699 4088 nem
719 4017 853 4089 aemulis
874 4017 977 4088 etiam
994 4038 1099 4116 atque
1123 4018 1241 4090 invitis
1259 4013 1450 4092 extorserit.
1499 4017 1592 4094 Proh
1620 4019 1915 4103 sanstissimumo
1942 4019 1949 4032 '

620 4134 787 4209 mumque
806 4115 975 4188 Numen!
1002 4136 1134 4212 quanto
1152 4114 1334 4189 intervallo
1356 4118 1494 4188 Divinae
1512 4114 1611 4192 istius
1632 4144 1711 4206 tuae
1732 4172 1746 4210 ,
1788 4041 1962 4218 coelimdq:

617 4208 776 4282 revelatae
794 4207 956 4281 dostrinae
972 4214 1122 4310 peritia,
1150 4236 1220 4285 non
1239 4211 1348 4284 modo
1361 4237 1380 4283 a
1392 4213 1651 4310 preteritorum
1662 4245 1788 4322 nuper
1796 4219 1962 4301 seculorum

620 4305 780 4402 pudenda
799 4331 836 4380 ac
852 4303 930 4400 plus
951 4335 1056 4407 quam
1068 4306 1226 4407 Scythica
1239 4311 1459 4407 ignorantia,
1484 4308 1544 4383 sed
1561 4313 1600 4386 δι
1617 4317 1762 4410 abejus
1782 4321 1893 4396 aetatis
1904 4333 1962 4416 qut

618 4401 852 4504 Apostolicam
868 4408 1030 4501 proxime
1042 4403 1154 4484 secuta
1168 4405 1217 4484 est
1230 4405 1444 4496 luminibus,
1470 4407 1771 4496 disterminantes
1796 4425 1961 4515 Nunquam

1883 4507 1956 4590 cele
