4667 5442
479 471 577 596 692
773 459 992 556 Ounno
1046 456 1227 551 lunuo.
1263 401 1544 556 Trniacr.
1609 511 1619 546 -.

478 632 592 712 tannis
606 625 726 728 lingua
746 623 938 702 eratmodo
955 620 1204 722 allegavimus,
1232 617 1327 697 illiue
1342 623 1498 700 reiron
1527 623 1572 702 iu
1596 613 1681 702 solo
1698 621 1836 702 Rom

480 749 627 828 martyre
646 723 813 800 babemus
839 718 1054 819 exemplum,

745 870 906 950 Pleiirum
926 867 1040 944 Palati
1060 891 1097 942 ac
1122 863 1269 959 faucium
1288 863 1391 958 savar
1404 865 1461 944 cui

743 966 861 1048 Tortor
879 962 1058 1058 convulsa,
1083 990 1138 1036 nec
1159 984 1267 1039 tamen
1281 963 1445 1056 fidentium

746 1066 873 1142 Indixit
892 1065 964 1146 ori,
986 1086 1046 1162 quo
1057 1057 1228 1154 fatebatur
1251 1065 1374 1140 neum.

483 1226 553 1304 sed
574 1223 670 1298 idem
688 1222 860 1319 Reparato
880 1212 1022 1315 aliisque
1048 1210 1291 1290 confessoribus
1314 1212 1488 1290 vandalis
1517 1213 1701 1314 contigit.
1750 1203 1833 1304 Criu

481 1321 637 1400 miraculi
655 1343 722 1395 non
735 1319 908 1388 victorem
921 1314 1028 1386 modo
1049 1309 1277 1396 Uticensem,
1304 1315 1342 1384 &
1360 1307 1629 1386 Marcellinum
1654 1311 1828 1390 Comitem

485 1423 524 1493 &
540 1422 683 1489 AEneam
694 1416 880 1491 Gazaeum,
910 1413 946 1482 &
960 1413 1190 1507 Procopium,
1217 1412 1255 1483 &
1277 1410 1494 1508 Gregorium
1509 1409 1729 1508 Magnum,
1752 1399 1830 1482 &li

486 1515 613 1587 dorum
632 1500 867 1604 Hispalensem
876 1506 974 1579 testes
990 1505 1127 1579 laudare
1143 1501 1301 1603 possum3
1326 1501 1385 1576 sed
1402 1501 1525 1600 ipsum
1536 1501 1828 1602 Romanirmpdi

485 1610 678 1704 Principem
691 1609 987 1776 ¹[usrmrnevum.
1040 1604 1173 1693 Cujus,
1195 1603 1230 1675 in
1249 1601 1367 1678 codice
1380 1599 1465 1675 Lib.
1488 1624 1529 1679 ι.
1545 1602 1636 1678 Tit.
1658 1595 1828 1678 nulrit
1858 1627 1862 1700 ξ

485 1705 599 1778 officio
620 1727 689 1799 prae
704 1702 764 1772 eoi
806 1701 945 1774 raetorio
957 1699 1102 1782 Airicae,
1129 1698 1201 1774 haec
1214 1697 1317 1771 verba
1328 1697 1480 1772 exstant:
1512 1697 1679 1776 Vadimus
1687 1689 1826 1774 mali·
1859 1761 1862 1800 1

484 1803 530 1875 les
543 1804 652 1880 viros,
691 1724 865 1894 viabiciffir
883 1799 1035 1874 radicitus
1051 1796 1163 1892 linguis
1174 1815 1279 1893 penae
1287 1798 1359 1883 [aar
1375 1792 1626 1885 miserabiliter
1636 1793 1824 1896 laquem

485 1897 583 1988 Qvid
600 1820 761 1977 tandem,
787 1898 1048 1977 Auula-onus,
1075 1893 1163 1990 quid
1186 1892 1229 1965 ad
1259 1894 1343 1965 tanti
1361 1891 1523 1991 prodigii
1546 1890 1824 1969 confimation-

484 1990 663 2066 desvderari
682 1990 772 2064 ultra
784 1988 919 2089 potest?
944 1996 1029 2065 Non
1048 1990 1091 2061 de
1107 1988 1209 2087 plebe
1230 1988 1385 2088 aliquis,
1411 2013 1485 2062 non
1508 2015 1561 2066 ex
1581 1989 1821 2066 bonomium

487 2092 616 2163 civium
635 2111 800 2169 numero,
829 2111 896 2160 non
919 2111 964 2160 ex
981 2088 1159 2159 Senatorio
1169 2086 1297 2184 aliquis
1310 2086 1432 2160 ordine
1444 2091 1633 2184 gravitate
1646 2114 1687 2162 at
1696 2083 1818 2186 fipien

484 2210 564 2260 cum
578 2185 728 2258 maxime
745 2178 976 2280 conspicuus,
1007 2183 1052 2254 ad
1078 2181 1310 2258 testimonium
1338 2182 1535 2258 dicendum
1568 2177 1817 2270 evocatu13sti

484 2279 555 2382 ipse
572 2285 739 2353 Romanae
760 2287 951 2376 Imperator
970 2277 1212 2378 Reipublicae,
1239 2281 1334 2372 cujus
1350 2277 1428 2378 post
1446 2285 1580 2356 Deum
1609 2280 1764 2372 majestas
1775 2273 1817 2350 ln·

483 2402 590 2551 pipino
602 2378 717 2546 geperi
730 2376 922 2489 veneranda
934 2375 1000 2459 est,
1026 2376 1119 2449 ultro
1134 2376 1367 2489 testimonium
1355 2375 1490 2546 nplicia
1517 2405 1591 2548 nge
1600 2380 1814 2454 diciturne

483 2479 651 2648 ,lili
663 2495 1326 2739 {¹:331llll‘ptlllllsslzll?
1337 2497 1545 2670 lilim}
1565 2475 1817 2673 iiiiii

484 2692 592 2765 quam
610 2662 807 2761 praesentem
829 2661 897 2738 suis
915 2669 986 2763 ipe
1007 2663 1118 2741 oculis
1137 2664 1340 2764 auribusque
1359 2663 1608 2764 usurpaverat.
1666 2677 1744 2757 Quo
1756 2681 1818 2740 nunt

484 2761 684 2858 confugient
694 2761 821 2857 quibus
831 2782 934 2833 tantae
948 2764 1098 2835 veritatis
1111 2763 1417 2837 evidentiaecedere
1427 2766 1606 2842 nondum
1616 2765 1738 2844 lubet?
1748 2769 1816 2838 Nun

482 2881 601 2931 veram
623 2881 699 2927 eam
713 2855 901 2929 dodrinam
916 2853 979 2930 eise
996 2854 1256 2943 inficiabuntur,
1287 2863 1342 2935 cui
1352 2860 1609 2939 testimonium
1621 2863 1815 2964 prebuitllr·

482 2978 525 3028 us
543 2975 597 3026 tot
613 2948 713 3050 fignis
727 2954 763 3025 &
780 2953 951 3052 prodigiis
964 2956 1136 3052 variisque
1152 2956 1358 3041 virtutibus,
1384 2960 1421 3030 δι
1435 2961 1604 3055 Spiritus
1616 2963 1722 3038 Sanffl
1734 2953 1818 3030 diſtri·

484 3050 688 3126 butionibus
706 3074 769 3147 pro
789 3043 847 3122 sua
875 3051 1080 3125 voluntate}
1114 3059 1211 3128 Num
1230 3054 1286 3127 vel
1304 3050 1371 3126 sine
1390 3058 1471 3126 Deo
1491 3054 1580 3133 haec
1599 3058 1671 3134 fieri
1683 3043 1819 3154 posunt!

479 3147 539 3222 vel
549 3151 645 3220 Deus
663 3148 829 3219 virtutem
847 3142 964 3233 suam,
990 3174 1062 3222 non
1080 3144 1184 3222 semel
1199 3172 1302 3250 atque
1323 3153 1470 3234 iterum,
1499 3157 1621 3252 quod
1635 3149 1816 3232 fomffiffl·

481 3243 659 3344 plorandae
673 3238 812 3315 suorum
831 3239 911 3318 fidei
929 3245 1100 3319 interdum
1115 3245 1236 3330 iaciat,
1264 3243 1320 3318 sed
1342 3249 1445 3320 toties
1469 3269 1549 3323 tam
1584 3280 1632 3328 ue
1647 3247 1814 3328 emmau·

480 3339 717 3419 commodaret
736 3341 917 3415 mendacio
934 3339 947 3413 ἓ
974 3349 1046 3416 Aut
1059 3339 1228 3416 malorum
1246 3344 1318 3418 haec
1329 3346 1520 3418 attribuent
1536 3279 1819 3424 iiiufiombvsla·

478 3461 647 3519 monum,
674 3438 886 3535 magicaeque
905 3441 986 3512 artis
1004 3436 1204 3538 prestigiis?
1230 3445 1360 3515 Verum
1377 3441 1539 3516 doctrina
1554 3443 1819 3538 christinian-

478 3534 601 3608 bandae
624 3558 726 3630 opera
747 3531 807 3606 ista
820 3531 1088 3616 adhibebantur,
1117 3536 1217 3610 malis
1237 3534 1409 3634 spiritibus
1421 3539 1530 3637 piane
1550 3534 1819 3622 adversamin-

321 3689 323 3696 .
479 3626 658 3726 minasque
675 3650 801 3708 avocat¹
815 3629 858 3703 ab
878 3655 998 3704 eorum
1017 3629 1137 3714 cultu,
1164 3635 1202 3704 &
1218 3638 1314 3707 omni
1328 3657 1466 3709 morum
1480 3638 1742 3724 immunditia,
1763 3655 1809 3734 q!

476 3726 562 3799 tales
581 3725 717 3823 spiritus
738 3725 959 3801 delebantur.
1009 3731 1054 3800 Et
1074 3749 1380 3841 quantumcunque
1397 3731 1485 3805 olim
1511 3736 1679 3812 valuerit
1695 3737 1812 3834 Magio

470 3822 1815 4032 llidb‘lillillili’illfflllallll„llllll‘alllssllie

477 4016 647 4126 minutam
668 4009 743 4127 ess'e.
766 4113 773 4127 ·
792 4019 829 4088 Si
845 4017 932 4128 quid
950 4041 1031 4093 tunc
1049 4022 1165 4114 potuit
1179 4023 1319 4118 Magia,
1346 4018 1472 4120 siquid
1484 4023 1609 4100 adhuc
1628 4029 1818 4128 potest,tu1

476 4110 515 4183 ud
533 4135 604 4184 non
623 4136 792 4209 imprimis
811 4115 934 4195 efficit,
961 4139 1001 4188 ut
1018 4116 1288 4190 Christianorum
1299 4142 1448 4202 nomen,
1476 4141 1552 4195 tam
1565 4124 1636 4199 suo
1650 4129 1819 4203 inimicum

473 4203 600 4280 honori
620 4231 724 4306 atque
745 4208 955 4294 efficacitati,
982 4208 1118 4308 prorsus
1138 4211 1338 4288 obliteratur
1357 4235 1462 4313 atque
1480 4219 1665 4298 intereat?
1705 4223 1770 4299 Vel
1786 4239 1820 4292 au

476 4327 520 4375 eo
534 4304 673 4377 tandem
687 4304 891 4388 devenient,
919 4329 959 4380 ut
974 4308 1145 4406 praefrasta
1160 4332 1296 4393 mente,
1324 4311 1482 4409 peririiia
1493 4314 1644 4406 fronte,
1671 4315 1821 4397 nutam

471 4395 545 4480 lraee
566 4401 711 4478 omnino
730 4396 814 4475 sabla
834 4397 897 4478 effe
914 4402 1064 4508 regenti
1089 4403 1159 4482 Sed
1176 4429 1252 4508 quo.
1267 4412 1367 4508 pasto
1388 4407 1428 4484 id
1445 4415 1569 4514 negari
1586 4417 1723 4516 potest,
1736 4409 1820 4518 quod

1775 4529 1820 4588 tot
