4667 5442
693 532 751 613 Dn
776 557 966 615 mrcucm
986 537 1164 619 Burrsnr
1187 560 1241 619 -nr
1265 541 1508 627 Ineter-rmus.
1693 568 1765 645 517

436 646 635 752 diligentia,
657 661 757 749 zelo,
795 664 826 735 dr
841 663 1003 761 exemplo
1017 660 1079 735 suo
1092 658 1408 758 praeclaremeritir,
1423 685 1461 736 ut
1472 690 1593 738 naevos
1602 657 1761 762 ipsorum

432 758 568 827 caeteris
579 758 768 834 virtutibus
784 762 1041 836 condonemus.
1050 766 1213 834 Attamen
1228 758 1512 836 dissimulandum
1526 765 1662 859 nonest,
1676 763 1732 836 inf
1746 813 1765 835 .
1854 831 1864 840 .

433 851 545 927 liciter
560 855 652 954 ipsos
669 861 854 959 aliquando
871 861 914 935 de
930 862 1076 935 maximi
1087 862 1192 933 etiam
1205 863 1381 933 momenti
1390 861 1510 935 causlrs
1528 862 1761 961 disputare3&

433 948 630 1050 frequenter
642 960 814 1053 ejusmodi
829 960 989 1034 adhibere
1004 960 1311 1058 locutiones,quae,
1329 958 1391 1033 uisi
1405 961 1552 1062 benigna
1561 964 1762 1061 interpreta-

434 1052 534 1126 tione
548 1058 950 1147 molliantur,vaedurum
958 1060 1093 1133 sensum
1102 1062 1251 1158 pariunt.
1261 1061 1501 1159 Proexemplq
1512 1060 1588 1150 fint,
1605 1088 1685 1160 quae
1695 1062 1761 1136 cla-

435 1150 586 1228 riffimus
594 1158 748 1252 juremus
761 1160 906 1258 operosa
916 1160 1091 1260 diligentia
1105 1184 1147 1232 ex
1161 1159 1319 1235 Patribus
1337 1158 1505 1260 congellit
1528 1163 1618 1236 circa
1637 1163 1762 1236 articu-

436 1252 515 1325 lum
527 1253 712 1331 adorandae
721 1261 1069 1335 Trinitatismaxime
1080 1260 1538 1334 autemluxuriaruntPatres
1547 1262 1637 1337 circa
1647 1262 1762 1335 Sacra·

436 1373 580 1428 menta:
611 1378 713 1456 atque
734 1361 786 1433 uti
801 1380 982 1433 externum
995 1356 1175 1459 signorum
1197 1359 1298 1433 usum
1324 1358 1468 1458 superba
1486 1362 1763 1437 cerimoniarum·

437 1477 575 1553 pompa
586 1478 818 1547 exornarunt,
833 1461 880 1533 ita
892 1460 1100 1534 &virtutem
1113 1461 1153 1531 iis
1167 1458 1366 1557 adscripsere
1375 1462 1545 1553 majorem
1557 1486 1663 1557 quam
1672 1462 1762 1535 Scri.

435 1557 621 1649 pturarum
639 1558 766 1656 patitur
783 1557 989 1658 simplicitas.
998 1559 1306 1645 anlnuznuus,in
1316 1560 1464 1632 carmine
1477 1558 1598 1633 devita
1606 1560 1678 1647 sua,
1687 1586 1763 1633 nar-

439 1675 519 1725 tans
534 1676 666 1750 quanto
679 1658 715 1728 in
729 1660 885 1755 periculo
898 1660 1062 1757 navigans
1077 1655 1196 1746 suerit,
1211 1657 1247 1746 id
1259 1655 1321 1731 fibi
1331 1659 1505 1758 preecipue
1519 1658 1659 1735 doluisse
1667 1660 1763 1735 testa·

440 1768 512 1840 tur,
522 1756 620 1850 quod
633 1754 797 1831 nondum
818 1757 896 1832 esset
911 1758 1124 1857 baptizatus:

524 1886 739 2007 tradamini
759 1897 851 2002 γὰρ,
872 1913 941 1973 012
961 1879 1198 1989 ormnem,
1219 1884 1366 1974 dddrur

527 2003 767 2115 Ηλλοτςικζιιην
788 1997 904 2085 :sdan
923 2002 1143 2117 ξενοκτὸνως.

526 2138 731 2226 lustralibus
742 2148 857 2217 etenim
871 2138 914 2215 ab
926 2146 1020 2244 aqnir
1033 2140 1100 2215 illis
1107 2195 1119 2231 ,
1132 2163 1265 2232 ρωπος

523 2240 603 2312 Nos
628 2267 872 2329 peteremus,
887 2268 937 2316 me
950 2240 1101 2317 merdant
1113 2245 1210 2315 unda
1221 2247 1330 2323 maris.

442 2340 490 2419 At
502 2340 973 2441 Scripturarumsrmplicitati
989 2345 1151 2416 inhaerere
1163 2345 1267 2444 longe
1280 2339 1388 2414 tutius
1399 2341 1572 2440 est,quam
1586 2344 1768 2420 rhetoricis

443 2438 946 2540 Patrumamplificationibus,
974 2444 1083 2518 veluti
1104 2464 1278 2532 torrente,
1302 2441 1424 2541 abripi.
1482 2444 1608 2541 Neque
1623 2446 1767 2543 opinor,

445 2568 662 2641 quemquam
673 2568 767 2617 nunc
779 2541 840 2615 effe
850 2544 1054 2619 nostratium
1064 2544 1331 2644 Theologorum
1344 2593 1356 2629 ,
1367 2544 1425 2639 qui
1442 2567 1501 2640 per
1515 2545 1635 2617 omnia
1645 2545 1770 2618 iiscum

446 2645 486 2717 in
504 2642 668 2737 Baptismi
688 2643 844 2717 doctrina
858 2642 966 2718 facere
991 2644 1084 2717 velit.
1140 2642 1237 2717 Nam
1252 2661 1342 2719 certe
1360 2642 1486 2716 limites
1498 2642 1698 2718 excedendo
1718 2645 1770 2719 ni-

445 2746 565 2820 mium
584 2745 615 2815 ei
634 2741 849 2833 tribuerunt,
874 2744 944 2819 &si
967 2744 999 2818 se
1020 2744 1170 2845 benigna
1182 2743 1374 2817 verborum
1388 2741 1535 2818 suorum
1550 2742 1770 2843 expositione

445 2844 560 2943 juvari
580 2864 726 2943 negent,
752 2842 818 2917 suis
842 2845 1057 2943 relinquendi
1079 2844 1157 2919 sunt
1174 2844 1389 2943 hyperbolis.

597 2945 727 3018 LXXI.
755 2943 870 3019 Video
891 2966 1006 3020 tamen
1021 2944 1237 3044 aequissimos
1257 2948 1454 3021 nostrorum
1472 2942 1671 3019 excusandis
1691 2939 1768 3041 ipsu
1783 2944 1886 3037 LXXI·
1898 2939 1959 3029 N&

449 3069 598 3119 omnem
611 3044 810 3144 impendere
823 3046 1056 3146 diligentiam,
1084 3044 1179 3143 quafi
1195 3045 1388 3148 impropria
1406 3045 1587 3120 locutione
1598 3043 1698 3143 signis
1711 3040 1768 3114 ad.
1782 3042 1837 3105 qur
1856 3035 1958 3157 lum

446 3142 641 3243 scripserint
653 3145 749 3243 quod
761 3149 809 3220 rei
823 3145 1020 3246 fignificatae
1033 3146 1233 3220 debebatur.
1285 3150 1341 3222 Sic
1354 3147 1444 3223 ant
1451 3195 1464 3230 ,
1475 3143 1517 3215 ad
1531 3146 1615 3217 Aua
1626 3143 1768 3237 Colloq.
1779 3097 1958 3257 fimi„

447 3246 647 3346 Mompelg.
658 3246 742 3320 loco
758 3265 857 3319 antea
867 3248 986 3319 citato.
1037 3253 1116 3321 Non
1131 3245 1269 3338 diffiteor
1279 3253 1315 3323 in
1327 3247 1409 3318 hunc
1421 3242 1653 3342 quantumlibet
1661 3243 1771 3337 palpa·
1785 3266 1962 3343 interpreta-

447 3344 550 3421 lrilcm
563 3371 723 3433 errorem,
739 3346 882 3422 induem
895 3349 951 3442 effe
962 3350 1126 3422 nonnullos
1134 3397 1147 3434 ,
1160 3349 1245 3419 male
1258 3344 1423 3422 ineuntis
1436 3354 1573 3418 Patrem
1584 3345 1749 3434 sententiis
1758 3372 1769 3426 3
1786 3347 1876 3406 titur·

446 3452 532 3551 qut,
573 3472 633 3523 nan
647 3464 774 3521 retreat
781 3448 998 3545 fignisaliqnn
1020 3454 1109 3523 modo
1126 3446 1332 3537 tribuerent,
1358 3448 1440 3545 quod
1460 3444 1502 3531 ed
1517 3450 1614 3519 unius
1629 3448 1774 3542 Spiritus

449 3548 563 3629 Sardi
577 3570 671 3641 opus,
678 3548 735 3638 sed
745 3566 785 3623 ut
796 3550 1068 3643 incrementorum
1082 3550 1173 3643 nsunt
1186 3556 1231 3628 (t
1244 3548 1414 3645 efficaciam
1424 3553 1693 3637 commendarent,
1699 3545 1778 3639 sepe

444 3650 494 3749 fic
506 3651 546 3723 de
557 3648 659 3748 fignir
666 3649 744 3740 suut
755 3653 857 3728 locuti
864 3672 923 3732 ,ut
935 3654 1017 3750 quod
1031 3658 1128 3727 unius
1138 3651 1187 3729 eil
1198 3657 1251 3728 Di
1256 3660 1336 3724 nina
1344 3654 1481 3726 virtutis
1494 3699 1506 3738 ,
1519 3650 1691 3723 videantur
1699 3650 1779 3735 illis,

450 3751 542 3855 quast
548 3751 789 3844 subordinatis,
815 3771 856 3826 ut
869 3753 922 3841 isti
936 3755 1069 3837 urunt,
1083 3757 1299 3851 inssrurnrntis
1311 3749 1512 3826 adtribuere.
1538 3748 1676 3841 Quibus
1693 3745 1780 3822 illud

452 3852 546 3929 addo
562 3904 576 3942 ,
594 3853 878 3927 rhetoricationes
891 3855 963 3927 illas
977 3855 1117 3929 Patrum
1141 3855 1182 3927 de
1195 3854 1359 3952 Baptismi
1380 3848 1533 3925 efficacia
1552 3876 1591 3925 ac
1604 3847 1780 3923 necessita·

426 3975 429 3979 ·
452 3975 490 4028 te
499 3956 556 4039 ,u
572 3978 806 4028 communem
821 3951 980 4027 Ecclestae
995 3959 1115 4051 praxiu
1128 3956 1324 4054 plurimum
1335 3950 1539 4052 discrepare,
1557 3949 1781 4051 quodmodo

452 4054 649 4131 luculenter
665 4052 955 4128 demonstraturus
969 4053 1058 4127 sum.
1792 4110 1912 4172 mm

572 4166 719 4240 LXXII.
745 4170 800 4242 De
812 4165 1080 4264 Theologorum
1098 4136 1302 4258 ὄμοψῆφων
1314 4188 1464 4238 numero
1474 4190 1571 4251 ,non
1582 4160 1775 4237 censeoesle
1790 4187 1941 4270 mg..

453 4265 705 4344 altercandum.
730 4268 921 4368 Religionis
938 4264 1102 4365 dogmata
1121 4288 1196 4334 uon
1211 4264 1387 4357 humana,
1413 4262 1469 4337 sed
1482 4266 1614 4339 Divina
1627 4267 1773 4342 auuort
1789 4289 1925 4367 ramner-

452 4387 548 4452 tate,
582 4361 751 4444 fulcienda
772 4368 863 4444 suut.
929 4366 965 4440 Si
992 4384 1108 4438 tamen
1138 4387 1178 4435 ea
1204 4363 1339 4435 ratione
1371 4364 1562 4440 dirimenda
1591 4368 1665 4438 haec
1686 4362 1870 4446 soretm‘fsl
1888 4348 1969 4428 '’d'‘

453 4460 731 4561 controverfia,
771 4470 925 4550 mutum
962 4466 1052 4544 mlhi
1078 4488 1113 4642 g
1142 4462 1378 4559 plurimorum
1412 4468 1447 4542 lt
1494 4464 1775 4642 dottiffimpurgm
1789 4433 1965 4595 ms*

1131 4580 1218 4658 ιτς
1689 4577 1691 4581 ’
1745 4586 1781 4661 a,
