4667 5442
619 489 697 585 Ds
734 487 933 586 Evrue.
969 490 1026 583 Is
1062 416 1299 586 Arcturo.
1332 490 1559 588 Pusoro.
1693 423 1828 623 31'9'
1868 571 1871 576 ,

433 676 541 749 quam
563 648 720 726 disertius
743 650 758 724 ἓ
784 655 900 727 Habet
920 653 980 729 isle
1003 656 1148 728 Domini
1168 650 1280 728 sermo
1298 652 1466 753 inspersit
1488 650 1653 741 ἰμφατικῗιν
1676 701 1688 733 ,
1745 679 1790 730 ua

436 748 481 820 ad
499 773 619 821 omnes
639 751 818 849 Evangelii
834 754 1047 850 praeconium
1060 753 1107 824 ita
1117 752 1289 850 pertinere
1299 747 1499 850 significatur
1515 799 1526 834 ‚
1553 774 1614 835 ut,
1636 681 1787 827 fibeiliae

436 870 582 945 quoque
601 849 638 920 δι
654 844 733 924 saxa
752 848 870 924 audire
890 844 1047 949 pollent,
1073 875 1145 923 non
1174 848 1448 924 excluderentur.
1499 849 1608 940 Quod
1626 844 1787 924 observa·
1871 866 1878 875 '

436 965 514 1016 tum
536 943 620 1019 esta
637 948 790 1037 Johanne
810 949 969 1022 Gerhardt‘
987 950 1023 1019 in
1042 952 1199 1028 Hermon.
1212 942 1297 1020 His.
1315 950 1488 1041 Evangde
1502 946 1613 1036 Resur.
1625 949 1698 1020 Chr.
1709 957 1787 1043 Cap.
1871 994 1891 1008 ι

437 1064 482 1115 xr
495 1066 507 1114 r
520 1065 548 1114 1.
564 1045 686 1137 pmiht‘
702 1065 785 1139 349.
812 1042 914 1115 Adde
923 1048 1000 1116 Ast.
1025 1067 1056 1117 1:
1070 1050 1105 1121 8.
1125 1042 1289 1140 Erittsque
1306 1043 1385 1117 mihi
1395 1040 1538 1125 restes&
1550 1043 1788 1139 Hierosolymis,
1894 1082 1898 1089 ·

436 1140 482 1213 ti
499 1142 534 1210 in
550 1155 620 1211 tota
635 1143 777 1232 Juaaea,
799 1142 844 1215 st
861 1144 895 1211 in
912 1143 1075 1215 Samaria,
1101 1143 1145 1215 ὁ*
1166 1164 1291 1233 usQJs
1324 1167 1376 1212 ro
1404 1165 1581 1213 nutriris
1611 1161 1783 1217 result.

437 1236 507 1307 His
520 1237 611 1308 enim
632 1281 643 1318 ,
669 1259 710 1308 ut
731 1232 889 1308 Erasmus
905 1237 1101 1318 annotavit,
1125 1235 1292 1336 gradibus
1310 1260 1541 1335 propagatum
1565 1236 1613 1311 est
1627 1243 1788 1335 Evange-

436 1328 528 1403 lium
548 1359 557 1404 :
584 1331 626 1403 ab
647 1328 891 1429 Hierosolyma
902 1333 1000 1405 velut
1018 1358 1037 1403 a
1056 1332 1150 1406 fonte
1166 1333 1358 1407 dimanavit
1374 1333 1418 1405 ad
1430 1333 1695 1431 omnesJudaeae
1707 1358 1787 1431 par·

436 1446 521 1508 tes,
549 1428 629 1499 dein
649 1429 692 1501 ad
711 1430 939 1501 Samaritanus
957 1423 1195 1528 semipaganos
1211 1434 1250 1504 δι
1275 1426 1493 1520 semijudaeos
1514 1478 1525 1512 ,
1553 1455 1640 1503 mox
1661 1430 1697 1502 in
1722 1434 1789 1528 sy-

436 1523 545 1605 riam,
573 1523 652 1598 hinc
672 1526 708 1597 in
726 1546 836 1596 totam
857 1521 969 1596 Asiam
991 1527 1196 1610 minorem,
1220 1525 1302 1598 ltine
1324 1526 1359 1598 in
1381 1528 1583 1609 Graeciam,
1609 1524 1784 1625 postremo

438 1620 475 1691 in
496 1620 657 1702 ltaliam,
685 1622 834 1715 denique
845 1621 881 1692 in
894 1617 1088 1694 universum
1108 1644 1274 1696 terrarum
1292 1623 1427 1695 orbem.
1476 1624 1662 1694 Enimvero
1690 1621 1786 1695 nefas

439 1714 488 1789 est
508 1717 664 1789 dubitare
689 1718 776 1816 quin
800 1715 991 1815 Apostoli,
1017 1720 1166 1791 Domini
1184 1717 1279 1808 jussts
1297 1713 1377 1789 obse
1405 1718 1617 1799 uentillrmi‚
1646 1742 1685 1789 ea
1706 1741 1787 1816 quae

439 1812 602 1885 mandata
621 1810 681 1886 sibi
702 1835 794 1885 erant
815 1817 1057 1888 accuratissime
1077 1810 1226 1888 exsecuti
1244 1808 1336 1896 sint,
1372 1743 1565 1913 ffirgulique
1585 1813 1789 1913 assignatum

437 1904 501 1981 fibi
521 1904 656 1984 cursum
672 1906 891 1984 absolverint.
908 1937 941 1986 1.
956 1915 1054 1986 Tim.
1071 1922 1136 1985 rv:
1155 1931 1193 1994 7.
1218 1912 1320 1983 Adeo
1337 1932 1379 1982 ut
1394 1909 1531 1983 nullum
1543 1910 1659 1984 locum
1683 1911 1790 1983 coele·
1901 1982 1909 1993 ,

436 2002 496 2078 slis
511 2006 674 2079 doetrinae
684 2002 855 2081 exsortem
865 2003 928 2079 elle
944 2005 1110 2091 stnerent,
1135 2003 1178 2091 μῖι
1193 2004 1301 2080 istst.
1320 2002 1364 2091 pir
1378 2002 1510 2103 irrugat,
1531 2003 1602 2092 pets
1612 2002 1709 2075 ἅτινα
1719 2003 1789 2101 eps·

437 2129 489 2169 την
505 2098 664 2198 diletione
680 2102 836 2172 revestiar
854 2103 967 2184 isticce
982 2106 1088 2180 isse,
1109 2130 1171 2178 nort
1187 2106 1301 2195 insulae
1319 2158 1333 2185 .
1355 2132 1415 2179 non
1428 2110 1638 2181 continentem
1657 2161 1668 2188 ,
1692 2131 1752 2178 non
1761 2100 1790 2193 si

461 2222 535 2270 uam
545 2218 677 2271 terrram
694 2195 923 2272 habitationem
938 2200 1120 2278 bominibus
1135 2220 1256 2278 natm
1272 2204 1409 2302 conctfflt
1426 2204 1445 2275 ζ
1465 2225 1508 2275 ut
1518 2208 1693 2300 Gregorim
1705 2198 1793 2299 Nys-

433 2221 527 2386 senua
547 2294 710 2391 loquitur
730 2301 822 2368 Orat.
832 2300 866 2368 in
884 2304 974 2370 Perr.
992 2300 1035 2372 (ἲ
1049 2299 1149 2372 Paul.

538 2396 584 2466 V.
610 2399 648 2465 In
666 2415 774 2490 quam
787 2417 861 2465 rem
881 2388 944 2464 suo
965 2390 998 2466 se
1014 2396 1059 2467 iis
1075 2396 1278 2470 adfuturum
1294 2389 1359 2468 effe
1368 2398 1498 2496 Spiritu
1507 2389 1664 2495 promisit
1676 2387 1788 2496 Jesus.
1795 2427 1837 2490 v,
1849 2419 1968 2503 App„

437 2489 530 2561 Mat.
544 2514 637 2564 xxv1
650 2513 780 2565 11:20.
828 2488 1019 2589 Ipsumque
1037 2492 1126 2565 adeo
1145 2516 1310 2592 tempus,
1335 2516 1441 2591 atque
1459 2495 1496 2567 id
1511 2518 1582 2565 non
1598 2490 1819 2566 multorumve
1837 2503 1916 2561 nom

437 2586 573 2684 oppido
593 2612 792 2668 annorum,
821 2582 968 2668 finivit,
994 2591 1084 2661 intra
1102 2593 1201 2681 cujus
1221 2586 1402 2664 decursum
1432 2590 1495 2664 ista
1518 2589 1701 2689 Evangelii
1726 2592 1969 2687 permutet»

436 2704 554 2756 totum
568 2682 687 2757 orbem
709 2682 909 2783 praedicatio
922 2687 1043 2783 peragi
1061 2686 1228 2761 deberett
1252 2688 1420 2760 nimirum
1437 2709 1518 2760 ante
1534 2658 1861 2782 Hieroscrlymi-f¹⁶⁷s

436 2800 526 2853 tanae
547 2780 640 2852 urbis
659 2780 839 2878 &templi
860 2782 1052 2857 excidium.
1101 2790 1156 2856 lta
1169 2786 1263 2857 enim
1279 2784 1478 2881 praedixit:
1501 2788 1548 2859 Et
1563 2729 1959 2880 predicabiturssstbioivir

436 2876 517 2963 iilud
535 2879 749 2974 Evangelium
765 2883 860 2972 regni
876 2885 913 2951 in
929 2899 999 2952 toto
1016 2899 1182 2955 terrarium
1197 2879 1278 2955 orbe
1294 2913 1309 2965 ‚·
1342 2900 1383 2954 ut
1392 2878 1438 2972 fit
1454 2877 1628 2963 testimonio
1647 2876 1858 2954 matheum
1880 2882 1931 2942 ha·

432 2971 602 3072 gentibus,
627 2980 670 3051 (θ’
687 2995 765 3050 runc
782 2972 1214 3064 venietfinisMatxxrv:
1233 3001 1294 3071 14.
1343 2983 1473 3052 Omnia
1482 2975 1537 3051 hie
1549 2972 1705 3076 insignite
1718 2966 1894 3050 ειη-Μ·
1964 3023 1968 3040 ·

437 3071 575 3173 phatica
587 3068 664 3146 sunt
711 3082 1032 3148 Psreurcnurruu
1048 3076 1305 3177 Evangelium,
1328 3075 1466 3174 publica
1484 3100 1522 3147 ac
1532 3069 1653 3146 sonora
1666 3099 1788 3147 eorum

437 3194 526 3244 voce
546 3173 607 3266 qui
629 3171 817 3244 ministerio
840 3170 892 3243 isti
913 3197 933 3242 a
957 3170 1097 3244 Christo
1121 3172 1279 3246 destinati
1305 3168 1412 3245 suntt
1436 3168 1479 3240 st
1497 3165 1553 3258 ὅλῃ
1576 3173 1614 3258 τῇ
1636 3170 1791 3257 irrepsit,

442 3293 488 3344 su
517 3293 626 3339 ross
656 3294 786 3341 ruitur
816 3289 1053 3358 unsrrnsru
1074 3271 1110 3340 in
1122 3271 1288 3342 omnibus
1299 3269 1420 3341 mundi
1437 3268 1620 3366 partibus,
1647 3265 1795 3337 ubicun-

439 3388 511 3462 que
528 3365 737 3439 locorum&
754 3368 936 3534 regionum
958 3362 1120 3436 homines
1139 3365 1272 3463 degunt
1293 3392 1304 3436 ε
1328 3373 1373 3438 lu
1401 3387 1691 3438 resrrtrortrvrt
1716 3385 1796 3433 osr-
1861 3412 1866 3422 ·

443 3482 562 3537 susus
590 3455 658 3531 stne
680 3461 779 3535 exclu
794 3486 872 3534 rone
890 3487 1118 3543 oevi-rous,
1143 3483 1217 3534 tam
1236 3460 1435 3544 manifeste,
1462 3484 1534 3536 tam
1550 3459 1740 3540 efficaciter,
1757 3476 1799 3533 ut

438 3558 678 3634 testimonium
698 3561 768 3631 Dei
787 3559 922 3632 devita
981 3584 1035 3632 uae
1051 3560 1087 3630 in
1106 3558 1196 3630 Filio
1216 3555 1280 3631 suo
1301 3558 1348 3633 est
1367 3559 1482 3632 ubivis
1503 3558 1660 3658 probet,
1686 3577 1798 3654 agno·

439 3653 574 3737 scatur,
602 3657 810 3754 recipiatur,
836 3584 982 3757 dgapud
1001 3680 1123 3728 omnes
1134 3677 1259 3753 gentes
1285 3655 1433 3728 frustum
1456 3655 1551 3731 ferat.
1600 3658 1658 3728 Er
1685 3676 1796 3726 rouo
1920 3666 1923 3671 '

438 3754 584 3826 demum
606 3778 754 3827 veurrtr
782 3757 889 3827 rru'r's
901 3801 920 3838 ‚¹
941 3780 1013 3829 non
1031 3750 1163 3836 seculi,
1190 3753 1292 3852 quod
1318 3751 1464 3852 quidam
1482 3754 1667 3851 opinantur
1689 3797 1701 3836 2
1738 3747 1800 3824 sed

441 3848 786 3948 Hierosolymorum.
1040 3869 1042 3871 ’

541 3951 606 4020 Vl.
632 3952 687 4019 De
708 3973 748 4020 ea
769 3950 863 4021 enim
883 3974 920 4022 re
936 3973 1026 4024 nunc
1045 3950 1116 4045 agit
1129 3944 1298 4021 Christus.
1347 3944 1456 4033 Quod
1468 3943 1742 4044 probaripotest,
1761 3948 1848 4031 bvi,
1861 3960 1956 4026 wint·

442 4048 499 4121 Ex
516 4043 810 4119 antecedentibus.
862 4046 996 4117 Ordine
1014 4044 1200 4142 respondet
1218 4044 1394 4117 Dominus
1411 4043 1456 4115 ad
1478 4036 1617 4141 quaestta
1641 4040 1856 4139 nposto-rum
1875 4058 1939 4099 ω’*

1797 4119 1929 4179 escidium

1798 4191 1945 4270 Hierosoly·

443 4339 562 4408 (lenus
583 4363 593 4410 t
620 4362 700 4435 quae
714 4362 757 4409 ex
776 4334 926 4410 historiis
944 4333 1167 4409 demonstrari
1183 4331 1322 4448 possunt
1337 4334 1443 4409 stante
1462 4332 1573 4408 adhuc
1591 4333 1725 4432 templo
1739 4290 1915 4406 abarorum.
2004 4364 2008 4370 ·

441 4428 571 4513 cidisse.
619 4434 757 4514 Eodem
775 4458 920 4537 quoque
938 4428 1012 4511 haee
1028 4443 1109 4534 ῥῦσαι
1130 4454 1310 4533 pertinet,
1335 4432 1390 4510 uti
1420 4432 1796 4611 evidentissimelpatgg

444 4143 576 4215 lorum.
627 4138 860 4233 Quaesrrorum
886 4144 1038 4239 primurn
1063 4141 1139 4225 est,
1179 4142 1320 4242 quando
1339 4138 1443 4242 client
1464 4162 1628 4213 eventura
1649 4162 1728 4236 quae
1747 4140 1790 4211 de

444 4236 589 4335 Templi
609 4241 745 4313 excidio
763 4239 982 4337 praedlxerar.
1032 4240 1113 4330 Ejus
1127 4239 1178 4312 rei
1199 4233 1290 4335 figna
1304 4237 1531 4311 antecedanea
1552 4236 1720 4309 enarravit
1732 4234 1794 4308 ha-
