4667 5442
516 521 608 613 Iu
663 518 1037 635 'Jasrrn
1094 517 1172 624 VI.
1225 518 1479 617 vrnall.
1616 534 1677 645 15

329 680 439 752 timus
454 669 549 772 luille
559 684 794 782 trigeminum.
846 688 920 781 13ξὲ
943 686 1035 779 Πέἒῖ
1060 679 1189 780 ῧῖἓὶῖᾏ
1215 692 1331 776 Brurs
1361 711 1543 761 ruerunt
1566 678 1680 781 Qus·

331 798 409 867 Qut
437 800 588 888 rnorem
618 807 750 860 surra:
776 813 848 884 prae
880 788 1111 874 verecundia3
1137 789 1221 886 quia
1241 786 1327 860 nulli
1348 808 1604 867 creaturarum,
1633 808 1678 855 ne

333 870 479 984 Angelis
493 876 659 963 quidem,
687 881 808 955 datum
827 884 895 967 est,
922 887 1061 958 Divinae
1077 885 1199 983 gloriae
1208 882 1350 965 lucem,
1377 884 1413 955 in
1428 884 1526 955 omni
1538 876 1599 976 suo
1608 879 1678 969 ful-

330 989 438 1138 gon,
466 975 633 1047 rrretortis
651 979 763 1052 oculis
780 982 924 1063 intueri,
945 1004 976 1055 1.
988 984 1085 1054 Tim.
1100 1003 1166 1054 vr:
1183 984 1240 1056 16.
1291 985 1375 1055 Non
1390 1001 1506 1053 tamen
1519 980 1677 1075 itatege·
1708 980 1712 987 '

358 1087 417 1137 ant
434 1064 581 1151 faciem,
609 1077 694 1169 quin
712 1076 832 1175 aliquo
847 1076 1035 1152 fruerentur
1045 1080 1114 1150 Dei
1133 1073 1326 1174 conspectu.
1377 1082 1500 1173 loquo
1511 1076 1677 1147 nimirum

333 1184 455 1236 eorum
472 1160 619 1241 consistit
642 1169 799 1246 felicitas.
849 1180 977 1272 Neque
994 1196 1083 1248 certe
1106 1174 1226 1248 volatu
1247 1198 1338 1245 caeco
1358 1175 1396 1246 &
1422 1196 1565 1244 erroneo
1590 1170 1678 1243 fere-

331 1256 467 1370 bantur.
517 1267 605 1336 Sunt
620 1268 682 1364 qui
703 1265 766 1341 hac
790 1266 963 1342 occasione
980 1266 1182 1366 observant,
1209 1265 1389 1351 fidelium,
1413 1271 1517 1341 etiam
1537 1267 1622 1339 dum
1641 1267 1678 1338 in

331 1376 431 1429 terrrs
449 1356 608 1457 degunt,
636 1364 873 1452 conditionem
901 1368 938 1438 in
961 1364 1030 1439 hoc
1074 1368 1222 1440 otiorem
1253 1361 1317 1438 elle
1344 1364 1405 1438 illa
1432 1364 1676 1463 Angelorum,

331 1452 452 1564 quod,
480 1480 593 1553 quum
609 1454 647 1531 hi
664 1459 785 1535 faciem
802 1483 940 1560 tegant,
963 1464 1034 1536 illis
1089 1485 1165 1535 tum
1179 1458 1217 1534 srt
1227 1465 1350 1536 retem
1364 1462 1448 1534 facie
1460 1463 1583 1533 intueri
1598 1457 1678 1557 glo-

329 1574 417 1624 nam
430 1554 597 1637 Domini,
614 1579 650 1628 2.
664 1561 748 1631 Cor.
766 1581 851 1631 111:
872 1565 927 1639 ¹8.
980 1562 1090 1650 Cujus
1100 1562 1149 1632 rei
1163 1558 1235 1633 haec
1247 1554 1285 1631 srt
1298 1553 1429 1631 caulla:
1457 1556 1557 1655 quod
1564 1554 1678 1653 angeli

330 1668 473 1745 propter
489 1644 605 1732 suam,
634 1647 752 1726 fideles
770 1677 912 1753 propter
929 1653 1053 1729 Christi
1073 1654 1258 1747 justitiam,
1287 1655 1453 1754 Angelica
1464 1653 1578 1726 multo
1589 1678 1678 1751 prae-

331 1748 543 1829 stantiorem,
570 1751 689 1821 Deum
701 1750 851 1825 videant.
901 1758 1065 1826 Attamen
1078 1748 1267 1850 speciosum
1281 1752 1318 1823 id
1328 1778 1382 1824 ma
1409 1753 1450 1834 is,
1506 1776 1587 1822 uam
1596 1746 1680 1821 soli·

332 1841 421 1915 dum
438 1838 497 1915 est.
548 1850 642 1918 Nam
667 1871 780 1946 neque
799 1873 852 1923 res
872 1844 942 1949 ipsa
957 1874 1039 1922 vera
1060 1896 1072 1932 ,
1100 1874 1213 1948 neque
1235 1850 1323 1923 ratio
1342 1774 1491 1922 validae
1521 1900 1530 1920 .
1581 1841 1678 1919 Nus-

334 1963 442 2039 quam
466 1938 570 2013 docet
591 1946 763 2041 Scriptura
785 1992 797 2028 ,
825 1944 986 2020 homines
1009 1946 1090 2045 plus
1108 1945 1153 2018 de
1173 1951 1252 2018 Deo
1274 1945 1394 2020 videre
1415 1937 1677 2044 &cognoscere

332 2061 441 2153 quam
463 2037 617 2136 Angelos
639 2066 649 2113 t
685 2039 890 2140 nequidem
911 2045 946 2116 in
968 2043 1083 2116 futura
1099 2047 1201 2124 vita,
1227 2042 1288 2114 ubi
1314 2042 1459 2115 demum
1480 2040 1585 2113 futuri
1600 2033 1680 2111 sunt

331 2134 513 2215 lumea,
534 2138 763 2213 Mattxxrr:
784 2162 840 2232 30.
868 2146 1037 2214 Luc.xx:
1055 2144 1113 2233 36.
1127 2138 1257 2213 nedum
1276 2141 1313 2211 in
1333 2137 1409 2212 hac.
1457 2136 1585 2212 Paulus
1605 2161 1678 2209 non

329 2234 491 2334 loquitur
506 2231 551 2306 de
573 2230 702 2309 visione
718 2236 841 2337 gloriae
863 2238 930 2309 Dei
950 2239 986 2309 in
999 2237 1038 2328 se
1053 2236 1137 2333 iffa,
1159 2231 1219 2308 sed
1242 2238 1278 2309 in
1295 2235 1417 2405 Reciso
1439 2263 1451 2308 .·
1477 2238 1515 2307 &
1531 2234 1681 2331 opponit
1702 2306 1713 2320 „
1755 2267 1762 2290 ι

329 2355 402 2404 non
416 2327 537 2405 fideles
552 2332 719 2431 Angelis,
748 2331 807 2407 sed
823 2331 942 2408 fideles
960 2333 1170 2407 Testamenti
1185 2337 1281 2407 Novi
1318 2331 1456 2406 delibus
1464 2329 1679 2405 Testamenti

329 2430 481 2503 Veteris.
534 2431 630 2501 Tum
650 2433 775 2514 etiam,
803 2433 964 2531 quamvis
981 2429 1108 2521 justitia
1124 2427 1253 2503 christi
1275 2430 1374 2503 illam
1392 2428 1608 2528 Angelorum
1625 2427 1680 2498 in·

331 2523 439 2596 dubie
458 2524 659 2609 antecellat,
687 2550 890 2601 nontamen
902 2526 1031 2600 idcirco
1040 2523 1159 2601 fideles
1178 2526 1322 2625 Angelis
1332 2521 1579 2623 praestantiores
1590 2518 1679 2594 sunt.
1748 2571 1752 2580 ·

331 2619 465 2695 Melius
483 2623 578 2693 enim
597 2621 665 2706 est,
693 2623 788 2697 nulla
802 2646 940 2724 peccata
959 2649 1021 2698 nec
1035 2616 1208 2706 habuill‘e,
1234 2649 1297 2697 nec
1318 2621 1464 2705 habere,
1492 2644 1599 2720 quam
1617 2637 1687 2689 eos

332 2741 413 2792 rum
435 2717 666 2794 obtectionem
684 2716 747 2792 elle
765 2718 1012 2802 consecutum,
1041 2721 1249 2819 interimque
1263 2744 1343 2793 cum
1356 2718 1477 2793 multis
1497 2714 1611 2791 adhuc
1625 2713 1681 2786 vi·

330 2814 392 2887 tiis
407 2814 537 2888 lucrari.
588 2818 757 2891 Contenti
777 2819 896 2917 itaque
919 2817 1081 2891 felicitate
1102 2813 1214 2891 nostra
1242 2812 1376 2901 sunus,
1401 2816 1484 2890 licet
1508 2839 1585 2887 eam
1607 2835 1700 2885 non¹

330 2910 553 3011 praeferamus
574 2914 765 3013 Angelicae.
815 2922 923 2990 Porro
947 2920 1064 2990 Brurs
1095 2941 1184 2989 ntrs
1212 2940 1397 2989 recusat
1419 2936 1591 3007 erst
1616 2933 1681 2981 rr·

331 3030 404 3083 oss
432 3033 539 3083 suot.
591 3011 702 3099 Quod
721 3011 837 3086 referri
860 3007 992 3086 fortalle
1010 3011 1123 3112 potest
1135 3012 1184 3085 ad
1200 3034 1357 3086 naturam
1372 3010 1590 3123 Angelorum
1613 3003 1690 3078 hoa.
1716 3027 1723 3037 ‘

331 3105 488 3181 minibus
504 3102 731 3191 invifibilem,
759 3110 888 3208 quibus
905 3106 1028 3183 adsunt
1045 3110 1211 3209 quidem,
1237 3105 1298 3181 sed
1315 3134 1385 3183 non
1404 3104 1607 3180 videntibus
1616 3126 1682 3200 pe·

331 3200 421 3287 dee,
447 3200 486 3277 id
505 3201 563 3286 est,
577 3204 766 3279 adventum
790 3232 923 3280 eorum.
976 3208 1048 3280 Alii
1069 3198 1193 3303 pu'tant
1219 3210 1328 3279 telios
1347 3198 1443 3278 fuille
1462 3200 1681 3299 Angelorum

358 3299 463 3383 edes,
491 3324 535 3372 ne
556 3321 682 3373 terram
707 3302 975 3399 contingerent,
1012 3323 1117 3397 atque
1140 3327 1186 3374 ex
1213 3327 1253 3373 ea
1282 3299 1422 3397 aliquid
1444 3293 1685 3369 contraherent

294 3324 518 3504 Nlordium:
571 3394 847 3467 uemadrnodum
870 3421 935 3467 nos
958 3395 1116 3468 homines
1137 3392 1302 3468 solemus.
1353 3399 1401 3468 At
1423 3392 1532 3466 multa
1552 3392 1589 3462 &
1609 3411 1684 3460 ma·

329 3515 402 3595 gna
414 3493 534 3591 paucis
578 3492 586 3505 '
617 3486 670 3563 ‘lle
687 3488 922 3565 mihividetur
931 3490 1072 3567 illustris
1090 3495 1234 3568 Grotius.
1282 3492 1448 3588 Intellr'ge,
1465 3488 1604 3587 inquit,
1623 3503 1685 3582 per
1763 3563 1766 3568 ,

324 3594 445 3692 pedes,
462 3613 550 3665 mm
567 3584 718 3670 Helm
740 3613 779 3663 ea
790 3612 857 3687 qua
866 3589 973 3664 velari
982 3586 1081 3687 jubet
1091 3594 1195 3687 pudor
1213 3616 1226 3663 .·
1250 3588 1358 3689 quibu
1375 3588 1552 3686 respondent
1563 3586 1598 3656 in
1609 3577 1685 3678 ipsst

329 3686 566 3786 ctionAngelri
581 3683 814 3764 imbecillitates
829 3690 967 3785 quadam
980 3742 992 3770 ,
1005 3687 1036 3780 fi
1050 3693 1124 3764 Deo
1147 3705 1380 3784 conparentur.
1416 3686 1498 3763 Vade
1515 3678 1598 3778 Job.
1618 3700 1683 3751 lv:

336 3791 394 3866 18.
429 3784 545 3885 Digna
565 3780 639 3856 haec
655 3782 812 3857 ulteriori
831 3782 1036 3859 deductione
1054 3781 1143 3859 sunt.
1193 3788 1244 3856 Ea
1253 3781 1396 3857 humani
1407 3780 1561 3879 corporis
1571 3798 1684 3849 mern-
1747 3797 1750 3802 '

331 3882 416 3965 bra,
444 3906 524 3981 quae
544 3876 716 3976 handugs
742 3872 793 3963 tal
821 3877 979 3967 ἆσχίμονα
1002 3881 1130 3957 Paulus
1150 3904 1344 3981 nuncupat,
1365 3882 1681 3965 1.Cor.x11:23.

359 4004 484 4079 uaeque
499 3980 542 4052 iis
556 3975 634 4052 sunt
650 3978 784 4060 vicina,
806 3984 923 4078 pedum
935 3980 1077 4051 nomine
1091 3959 1248 4051 flebitis
1259 3976 1470 4076 quandoque
1484 3973 1572 4054 dici,
1607 3992 1687 4045 eru·

330 4005 417 4151 ditis
439 4078 603 4175 ignotum
619 4099 691 4149 non
716 4074 776 4149 est.
828 4078 901 4151 Vix
921 4075 1030 4149 alium
1049 4070 1184 4147 sensum
1207 4073 1360 4149 admittit
1382 4070 1563 4170 Prophetae
1580 4064 1687 4144 nollri

331 4169 480 4292 phrasis,
508 4178 598 4273 Cap.
627 4195 695 4246 vn
711 4200 722 4247 ι
737 4198 799 4290 ao.
849 4169 1001 4249 Abram
1025 4174 1187 4246 Dominus
1200 4171 1357 4245 novacula
1375 4171 1569 4245 mercenaria
1584 4167 1688 4264 pinna

332 4267 1686 4468 {laldl‘lff’&mallffnilsfflllffi{tls

332 4464 526 4541 verecunda
547 4464 719 4570 loquendi
733 4466 824 4546 tatio
843 4464 921 4557 est,
945 4462 1068 4569 parurn
1089 4464 1128 4541 in
1145 4448 1475 4548 uebraeosemme'
1493 4457 1688 4662 obsqqqteq
1713 4537 1731 4574 ί
1796 4489 1800 4494 ·
