4667 5442
481 412 625 589 ⁹78
807 458 1517 580 Exaacrrsrio
1588 458 1660 551 ΙΙΙ.

561 653 677 703 torum
694 620 832 715 suorum
844 624 931 696 dum
950 646 1113 695 exornare
1129 614 1161 692 se
1180 642 1280 718 putat
1299 622 1450 717 ingenita
1470 617 1703 718 superstitiose
1731 619 1922 695 mentibus

562 720 764 803 huneswelle,
788 717 906 793 misere
918 720 1117 815 corrumpit.
1170 717 1252 789 Inde
1264 717 1398 789 deduco
1410 743 1489 814 quae
1504 745 1547 790 ex
1559 719 1790 792 vetustissimis
1803 719 1922 791 Chal-

563 815 647 883 daeis
661 811 912 910 proferuntur,
941 815 1091 912 &apud
1117 814 1283 887 Platonem
1307 815 1558 896 inveniuntur,
1587 815 1765 913 aliquam,
1797 814 1922 889 verbis

552 906 709 989 -salrem,
739 910 991 986 consonantiam
1009 911 1168 983 habentia
1190 936 1268 983 cum
1289 911 1441 982 doctrina
1454 906 1637 985 Ecclesiae·
1673 912 1798 986 Paullo
1817 912 1921 983 enini

461 1041 465 1047 ·
563 1007 749 1079 remotiora
765 1038 784 1082 a
804 1013 935 1082 ratione
953 1004 1015 1080 esse
1034 1007 1220 1087 videntur,
1248 1032 1355 1103 quam
1368 1028 1407 1078 ut
1422 1010 1493 1095 ejus
1510 1010 1701 1081 inventioni
1715 1004 1923 1081 adscriben-

564 1103 609 1175 da
633 1099 705 1175 sint.
757 1115 877 1205 ltaque
890 1132 1001 1203 quum
1025 1104 1142 1183 Plato,
1162 1105 1333 1199 illiusque
1353 1098 1538 1198 discipuli,
1567 1105 1640 1175 imo
1664 1102 1734 1202 ipse
1755 1104 1923 1187 Aristote-

565 1200 611 1270 les
632 1199 675 1269 de
695 1202 794 1286 Deo,
823 1204 866 1274 de
888 1206 1086 1282 creatione,
1115 1203 1151 1272 &
1171 1196 1338 1273 similibus
1357 1200 1542 1269 arcanioris
1575 1191 1812 1299 Philosophiae
1836 1226 1924 1299 my·

558 1296 672 1385 'steriis
686 1298 900 1396 loquuntur,
928 1302 1150 1395 antiquorum
1171 1298 1300 1394 dogma
1318 1344 1329 1376 ,
1357 1299 1395 1367 &
1409 1297 1581 1384 majorum
1597 1323 1658 1393 per
1672 1323 1796 1370 manus
1808 1299 1927 1371 tradi-

566 1415 637 1464 tam
654 1390 779 1477 sidem,
806 1395 965 1469 lubenter
976 1399 1011 1467 in
1025 1394 1259 1466 testimonium
1270 1392 1466 1471 adducunt,
1494 1414 1660 1489 tanquam
1672 1390 1927 1467 solidissimum

568 1492 602 1560 in
622 1492 662 1561 iis
675 1516 759 1587 <quae
781 1493 961 1564 hominem
976 1490 1146 1563 excedunt
1165 1511 1407 1586 argumentum
1428 1534 1439 1567 ,
1467 1491 1504 1560 &
1532 1488 1819 1567 demonstrationi
1839 1515 1929 1589 pro-

466 1622 472 1634 ·
566 1590 732 1659 ximum:
761 1590 859 1686 quod
875 1587 931 1659 his
955 1588 1068 1660 verbis
1091 1587 1159 1659 fere
1178 1590 1403 1682 exprimunt:
1429 1578 1553 1679 ὅσπεςὸ
1576 1584 1708 1661 παλαιὴ
1730 1587 1868 1669 affl,
1892 1585 1929 1661 iit

569 1685 596 1751 oi
616 1684 827 1752 παλαιότατοι
847 1683 934 1765 λέγω
955 1732 965 1760 ,
987 1684 1022 1755 eir
1041 1679 1128 1763 poia-rr
1149 1684 1179 1748 οἱ
1202 1680 1352 1780 ἀρχαῖοι,
1380 1676 1430 1764 Ul
1457 1681 1484 1746 oi
1501 1680 1694 1776 πρεσβύτεροι
1713 1713 1721 1757 :
1750 1708 1839 1781 quae
1861 1684 1932 1758 fre-

570 1805 715 1882 quenter
729 1786 844 1857 lectori
860 1805 1054 1856 occurrunt.

388 1901 458 1965 χιι.
479 1894 544 1979 Qae
668 1881 751 1955 XII.
780 1880 1009 1954 Hebraeorum
1033 1876 1219 1975 Magistros
1235 1870 1295 1949 sua
1316 1902 1359 1950 ex
1386 1870 1515 1958 Mose,
1544 1872 1749 1973 Prophetis,
1780 1879 1822 1949 &
1853 1902 1932 1965 ma-

394 1980 424 2035 in
444 1975 527 2031 Para·
571 1976 685 2068 josum
700 1977 862 2065 aesalon
875 1975 1026 2058 habere,
1051 1978 1168 2074 palam
1186 1973 1246 2047 est.
1297 1976 1446 2071 Fuitque
1465 1971 1608 2046 ccelesiis
1629 1971 1703 2045 haec
1721 1975 1860 2048 vetitas
1882 1972 1933 2048 sa·

389 2046 549 2187 sim&
570 2075 640 2146 -ctis
658 2065 811 2169 ipsorum
832 2073 1071 2146 voluminibus
1100 2068 1303 2144 sufficienter
1333 2065 1494 2168 expressa.
1547 2069 1639 2153 Sed,
1667 2070 1768 2181 quod
1792 2067 1931 2183 Jel'aias

395 2206 533 2277 ,tiquam
573 2171 703 2265 aliique
722 2165 901 2266 Prophetae
921 2170 1074 2243 futurum
1094 2149 1350 2266 praedixerant,
1380 2166 1592 2240 incredibilis
1614 2188 1738 2242 mentis
1761 2192 1927 2251 caecitas,

390 2280 500 2360 purior.
569 2263 810 2364 &spississima
827 2269 944 2435 caligo
964 2315 975 2350 ,
997 2269 1070 2339 toti
1091 2270 1159 2341 sere
1179 2264 1410 2338 Hebraeorum
1430 2266 1590 2347 nationi,
1618 2259 1807 2361 praesertim
1820 2266 1932 2341 Chri·

573 2363 614 2439 sti
635 2385 757 2443 aetate,
787 2364 904 2436 incum
928 2365 977 2436 it:
1004 2364 1095 2436 unde
1108 2362 1233 2435 fastum
1245 2359 1316 2442 est,
1344 2383 1383 2433 ut
1395 2365 1518 2433 restam
1533 2362 1576 2432 de
1594 2361 1733 2433 Divinis
1749 2358 1928 2460 personis,

573 2464 611 2533 ὅ(
627 2461 834 2531 nominatim
850 2464 894 2531 de
908 2460 1031 2532 Meffia
1049 2462 1140 2534 Filio
1155 2460 1249 2541 Dei,
1277 2454 1506 2540 sententiam,
1535 2453 1559 2528 si
1577 2483 1648 2529 non
1671 2459 1815 2555 penitus
1841 2461 1930 2535 arrii·

573 2554 696 2635 serint,
726 2579 814 2629 certe
827 2557 1014 2631 indistinete
1023 2556 1220 2629 admodum
1242 2558 1474 2653 conceperint.
1525 2557 1665 2628 Philonia
1688 2559 1932 2651 argutationes

529 2731 532 2740 ,
572 2649 649 2747 utel
666 2656 707 2718 ei}
721 2652 824 2734 λὸγό,
853 2655 1041 2727 Platonicis
1073 2650 1322 2725 subtilitatibus
1344 2651 1537 2749 plurimum
1561 2672 1764 2748 corruptae,
1805 2678 1830 2726 a
1851 2649 1931 2728 sim·

577 2753 731 2850 plicirate
748 2752 873 2823 veteris
897 2746 1091 2822 Hebraifini
1108 2749 1209 2821 valde
1228 2750 1529 2847 degeneraverunt.
1582 2754 1671 2838 Quae
1690 2750 1803 2839 major
1825 2750 1931 2824 estin

576 2841 938 2943 Paraphraernlrelofi.
987 2845 1220 2929 Kabbalistae,
1249 2842 1386 2944 prorsus
1407 2867 1446 2916 ut
1467 2844 1663 2927 Platonici,
1690 2842 1857 2944 gryphos
1876 2848 1931 2923 lo·

575 2966 755 3041 quuntur,
784 2968 874 3042 quos
892 2968 996 3016 nemo
1013 2942 1199 3042 intelligat.
1249 2941 1431 3016 Nonnulla
1443 2966 1557 3014 tamen
1573 2944 1789 3015 retinuerunt
1801 2968 1855 3019 ex
1868 2946 1932 3018 do-

576 3042 681 3113 ctrina
700 3035 929 3138 &phrasibus
955 3062 1141 3113 veterum:
1169 3065 1249 3138 quae
1272 3038 1425 3137 praeclari
1448 3039 1626 3136 quondam
1654 3034 1791 3112 aedificii
1818 3040 1933 3117 veluti

578 3136 699 3211 rudera
714 3131 791 3211 sunt
810 3162 823 3224 ⁴,
855 3138 891 3208 in
907 3136 1097 3234 Evangelio
1122 3137 1331 3218 recollcsia,
1361 3139 1400 3208 &
1421 3135 1671 3233 Prophetarum
1697 3135 1932 3230 fundamento

578 3231 822 3332 superstructa,
849 3235 941 3307 acin
957 3234 1177 3335 augustissimi
1197 3231 1369 3333 sapientiae
1379 3235 1524 3331 Templi
1533 3234 1681 3307 sormam
1694 3231 1934 3313 feliciterute-

579 3327 635 3404 sus
653 3324 865 3429 assurgentia.

401 3445 483 3509 xm.
506 3438 557 3495 R·-
678 3433 780 3501 Xlls.
805 3434 861 3500 De
879 3428 1127 3503 recentioribus
1149 3429 1364 3513 Platonicis,
1393 3430 1454 3528 qui
1478 3428 1553 3526 post
1578 3428 1798 3527 publicatum
1829 3434 1934 3506 vixe-

402 3519 536 3609 “””'⁰'f⁸,
572 3525 922 3622 'runtEvangelium,
948 3530 1132 3605 Numerio,
1157 3528 1323 3623 inquam,
1352 3528 1550 3620 Porphyrio,
1578 3527 1735 3607 Pamelio,
1761 3528 1934 3608 Ηὶενοείι.

403 3596 620 3728 Ρέῖξξζάὃι
634 3615 822 3701 similibus,
849 3622 898 3690 ita
915 3618 986 3692 sere
999 3619 1168 3703 arbitror,
1197 3625 1249 3693 uti
1271 3629 1378 3696 meaa
1396 3620 1598 3706 Holsterri‘ur,
1624 3625 1687 3720 qui
1702 3626 1739 3695 in
1752 3622 1849 3699 hanc
1860 3650 1937 3700 rem

317 3772 321 3779 .
404 3693 552 3820 {man
584 3720 619 3789 in
633 3735 724 3808 opere
740 3721 778 3790 de
789 3720 863 3790 vita
875 3714 1050 3813 &scriptis
1060 3720 1234 3815 Porplprii
1243 3721 1293 3791 ita
1307 3714 1455 3791 disserit:
1482 3719 1562 3802 isti,
1582 3721 1717 3818 inquit,
1744 3744 1851 3819 quum
1866 3726 1938 3801 Di·

396 3818 664 3913 sumptim-vina
681 3811 961 3907 veritatisgnllum
977 3837 1019 3886 ex
1029 3810 1137 3902 sacris
1147 3816 1271 3897 literis,
1295 3820 1338 3891 Ψ
1349 3817 1497 3905 nascentis
1506 3816 1646 3909 Ecclefia
1656 3813 1859 3902 donorum,
1877 3837 1937 3897 aut

404 3896 547 4030 ‘spsg’f‘s
577 3930 804 4006 praceptorum
823 3910 1066 3993 christianam
1083 3937 1136 3986 ore
1155 3966 1166 3993 ‚
1186 3910 1410 4011 percepissent,
1431 3913 1605 4009 puriffimos
1635 3918 1784 3989 veritate
1803 3918 1937 3994 rivulos

397 3974 562 4107 {z'w'iiss
582 4013 617 4080 in
636 4009 818 4102 Pythagora
835 4010 878 4080 (P
893 4007 1035 4081 Platorii
1058 4013 1247 4082 derivarunt
1270 4014 1398 4084 lacunar
1417 4041 1428 4079 ε
1465 4015 1509 4083 (a
1524 4012 1672 4107 igniculos
1692 4015 1833 4089 Divina
1855 4016 1936 4088 lutri

401 4143 509 4207 perani.
580 4108 809 4177 mendaciorum
823 4099 913 4194 fumo
931 4128 968 4175 ac
993 4105 1128 4179 tenebris
1155 4106 1364 4195 obscurarunt.
1414 4109 1485 4199 Qi
1507 4105 1612 4181 secuti
1633 4105 1710 4182 sunt
1733 4108 1934 4187 instaurata

581 4199 779 4272 Academia
796 4197 1023 4285 Professores,
1050 4203 1211 4277 homines
1233 4200 1398 4287 Asiatici,
1424 4208 1603 4299 ,syrianum
1630 4207 1794 4288 Proeliis,
1823 4213 1937 4285 Mari·

580 4320 659 4378 nur,
678 4296 839 4388 Iftdorur,
866 4302 1087 4391 Damasciur,
1112 4327 1183 4373 non
1206 4303 1357 4374 contenti
1382 4301 1589 4377 luxuriantis
1614 4305 1742 4402 ingenii
1758 4309 1933 4406 argutiis,

579 4418 743 4496 magnam
760 4418 915 4472 veterum
937 4400 1143 4498 opinionum
1163 4398 1367 4499 farraginem
1377 4403 1582 4505 commentis
1595 4404 1721 4481 iterum
1732 4400 1938 4479 admiscue-

1828 4526 1938 4594 runt,
