4667 5442
506 483 873 607 Hrsronr'r
923 445 1483 650 Hrsnoso'tstaa.
1598 461 1695 644 21}

406 711 454 764 tm
467 687 592 786 exigua
610 686 724 764 elena
740 689 837 764 urbis
858 711 1100 788 exoptataeque
1117 687 1203 780 aedis
1230 688 1366 788 durstio
1386 737 1398 774 ,
1425 687 1576 789 denique
1589 689 1877 789 quaminrvnsaqffl

406 783 510 868 thilia
537 781 600 858 srnt
617 775 789 862 mundana
809 785 925 872 omnia
955 835 966 869 ,
1008 809 1160 885 quorum
1195 777 1321 860 aetem'a
1344 777 1554 886 caeteroq'uin
1571 770 1854 905 funda-‘gns⁴''”.

406 903 461 956 nta
485 883 608 980 populi
634 882 816 979 iniquitate
840 885 1053 982 quatiuntur,
1105 884 1158 958 Ut
1180 880 1381 958 hominibus
1402 879 1540 983 singulis
1560 860 1869 981 adoles-dez'pss'ss’*
1900 977 1903 982 y
1930 905 1932 910 ·

407 978 551 1061 tiasua,
580 978 703 1060 robur,
724 974 873 1063 senecta,
898 1004 1016 1066 mors3
1043 975 1084 1054 fic
1104 978 1313 1078 &oppidis,
1339 981 1611 1080 rebuspublicis,
1638 983 1789 1079 regnor.

406 1099 435 1174 s.
485 1078 679 1174 Incipiunt,
707 1070 878 1159 crescunt,
900 1075 1008 1159 stant,
1035 1078 1180 1150 florent:
1207 1079 1371 1150 &omnia
1384 1077 1486 1160 ideo,
1508 1097 1547 1150 ut
1557 1078 1696 1153 cadant..

406 1173 509 1254 tnira,
537 1176 770 1270 &nunquam
788 1169 868 1247 satis
888 1168 1133 1273 comprehensa
1151 1172 1396 1257 mortalibus,
1415 1174 1537 1248 Divini
1562 1176 1693 1250 Numi-

414 1268 638 1366 constitutio,
664 1269 804 1342 Abeunt
821 1271 940 1344 omnia
956 1272 992 1342 in
1012 1268 1103 1346 hunc
1121 1267 1467 1368 nascendipereundi
1489 1294 1532 1342 ue
1584 1271 1692 1364 talpm

407 1389 500 1440 tunt
527 1369 563 1440 δι
587 1366 787 1463 longevum
805 1364 941 1463 aliquid
957 1370 994 1440 in
1021 1365 1084 1442 bac
1104 1364 1263 1453 machina
1278 1363 1369 1450 est,
1406 1297 1574 1450 nihl-tete
1616 1392 1689 1444 um.

406 1459 488 1538 :hie
507 1488 620 1536 rerum
641 1464 677 1535 in
697 1459 972 1537 seremeantium
982 1463 1099 1547 orbis,
1155 1487 1235 1538 uam
1247 1460 1308 1535 diu
1329 1465 1392 1536 erit
1403 1462 1474 1562 ipse
1486 1464 1591 1538 orbis.
1631 1461 1697 1538 Ne'·

408 1583 529 1634 svero
547 1580 676 1656 putet,
703 1561 885 1633 temerario
912 1558 1058 1633 fortunae
1087 1490 1163 1633 lulli
1180 1607 1198 1644 ,.
1229 1582 1289 1632 aut
1313 1563 1427 1636 Stoica
1457 1559 1687 1651 nesciocuius

421 1656 612 1731 necessitate
634 1703 646 1740 ,
681 1653 755 1729 haec
776 1651 952 1756 contigisse
973 1656 1230 1753 fferososymae·,
1255 1658 1400 1755 provida
1432 1661 1503 1733 Dei
1524 1655 1693 1756 sapientia.

406 1752 470 1824 mie
498 1755 615 1827 cavit:
649 1752 733 1827 dum
756 1752 932 1851 quidquid
958 1776 1161 1827 eventurum
1186 1752 1251 1827 fuit
1267 1800 1285 1834 ,
1306 1778 1381 1828 non
1395 1756 1497 1828 unius
1518 1757 1606 1828 vatis
1626 1780 1687 1830 ore

407 1847 457 1922 lto
476 1870 554 1921 ante
571 1849 744 1946 praed'utit.
796 1850 1012 1947 Habuitque'
1024 1845 1090 1921 stne
1107 1849 1216 1922 dubio
1235 1847 1422 1923 sanctissimi
1447 1850 1541 1925 islius
1558 1848 1688 1926 confilii

408 1944 510 2036 justas
529 1948 690 2019 rationes.
740 1946 928 2043 Indignum
956 1941 1034 2019 fitis
1047 1942 1084 2017 se
1107 1946 1305 2020 criminibus
1322 1946 1521 2045 praestiterat
1535 1949 1689 2048 populus

406 2041 527 2124 laicus,
554 2045 615 2140 qui
630 2040 897 2140 pulcherrimam
915 2068 953 2116 ac
967 2043 1205 2116 feracisl'unam·
1217 2051 1410 2127 tetrartum,¹
1431 2045 1689 2142 qui'amoenisli-

406 2165 437 2214 m
457 2139 596 2212 urbium
615 2135 736 2213 &Dei
753 2134 862 2238 ipsrus.
880 2138 1134 2213 inhabitatione·
1151 2136 1302 2222 sa'cram,
1331 2135 1460 2239 fibique
1482 2143 1517 2215 in
1544 2141 1687 2215 coeleslis
1815 2211 1819 2218 .

406 2237 462 2309 riae
508 2239 518 2309 i
545 2261 609 2309 nus
628 2237 883 2310 clementissrme
898 2231 1111 2320 eoncesl'am,
1139 2236 1270 2311 diutius
1289 2237 1466 2312 incoleret.
1519 2236 1573 2311 Ut
1586 2238 1689 2310 indo-

406 2357 464 2407 urn
482 2257 685 2409 liscivientis
711 2335 823 2406 animi
838 2333 1002 2406 ferociam
1026 2332 1205 2407 moderari?
1227 2329 1369 2407 disceret
1388 2380 1399 2417 ,
1428 2333 1498 2406 alio
1517 2335 1688 2422 transferri

406 2451 507 2504 ratam
539 2454 680 2529 gentem
703 2432 890 2530 oportuit3
915 2430 1004 2513 ubi,
1021 2453 1193 2543 quantum
1213 2431 1301 2504 inter
1332 2430 1520 2531 benignum
1548 2432 1687 2528 Optimi

406 2527 506 2601 minis
523 2530 677 2627 regimen
693 2525 934 2624 saevorumque
954 2527 1213 2599 dommorumt
1239 2526 1414 2600 rannidem
1438 2521 1596 2610 intersli,
1624 2551 1687 2601 ex·

406 2623 511 2699 iundo
528 2620 766 2725 cognosceret..
811 2624 865 2697 Sic
892 2624 1030 2697 interim
1052 2646 1091 2695 ut
1105 2553 1238 2720 procul
1251 2624 1360 2722 patria
1378 2649 1441 2722 per
1457 2645 1611 2718 remotos
1631 2623 1687 2696 di·

406 2715 450 2796 [ἢ
457 2723 614 2822 populos
632 2747 703 2795 non
720 2714 1012 2822 justitiatsolum,
1035 2715 1095 2792 sed
1112 2724 1149 2794 &
1165 2741 1362 2794 eaeterarum
1392 2722 1562 2794 virtutum
1585 2721 1688 2793 Divi·

406 2829 461 2892 ur'n
483 2819 727 2896 lucidislrmum
748 2815 892 2892 exstaret
909 2812 1085 2917 speculum
1098 2845 1114 2892 ε.
1135 2841 1244 2914 eaque
1264 2811 1702 2890 occafioneneuslfiaelis·

406 2920 531 2992 somni
548 2908 833 3018 portentosorum
848 2939 992 3014 operum
1013 2910 1153 2988 suorum
1165 2909 1321 3086 ploriosa
1332 2913 1503 3003 majestate
1520 2908 1687 3012 potentis·

406 3007 650 3092 ir'Monarchis
676 3015 714 3085 &
731 3012 859 3089 mundi
872 3012 1032 3088 dominis.
1044 3012 1163 3085 innote
1181 3034 1272 3085 teret
1292 3037 1331 3085 ae
1350 3010 1588 3084 celebraretur.
1638 3014 1688 3084 At

408 3131 452 3182 ue
461 3110 614 3186 inultum
630 3114 673 3185 iis
689 3106 870 3184 transmitti
888 3109 1034 3194 debuit,
1062 3112 1123 3207 qui
1141 3111 1256 3213 ignari
1268 3109 1420 3207 quidem.
1432 3109 1571 3180 Divinae
1585 3108 1619 3177 in
1633 3131 1688 3177 re·

406 3195 531 3280 larium
547 3207 723 3308 populum
736 3206 895 3304 vindislae
911 3205 1051 3319 flagella
1068 3209 1229 3291 suerunt,
1254 3216 1289 3277 a't
1308 3200 1377 3278 suis
1389 3225 1503 3277 tamen
1520 3197 1687 3275 obsecun-

408 3324 467 3377 ant
479 3298 681 3388 affestibus,
707 3299 829 3383 insanae
851 3304 1053 3377 ambitionis
1069 3303 1258 3399 mancipia,
1286 3325 1356 3372 non
1370 3298 1459 3397 quid
1475 3294 1559 3372 lsrab
1578 3298 1585 3314 ’
1642 3295 1686 3367 de

406 3395 656 3485 meruissent,
683 3397 742 3476 sed
760 3400 847 3501 quid
857 3396 925 3473 suae
941 3397 1116 3473 inserviret
1125 3396 1271 3497 gloriae,
1296 3396 1396 3468 unice
1405 3390 1502 3495 pensr¹
1508 3393 1576 3488 hab
1636 3415 1686 3466 es.

406 3496 492 3574 tilla
510 3497 693 3600 Babylon,
721 3524 800 3598 quae
821 3497 1019 3572 conculcata
1034 3494 1257 3589 Hierosolyma
1276 3517 1367 3567 nune
1385 3494 1490 3566 trium
1517 3487 1598 3572 hat,
1626 3511 1696 3561 ex·-

407 3617 468 3680 at,
495 3592 671 3696 superbit,
700 3618 788 3670 rnox
808 3594 926 3695 praeda
945 3593 1100 3668 hostibus
1119 3589 1202 3667 fiet:
1228 3594 1267 3664 δι
1284 3612 1458 3703 quaetetur
1498 3588 1624 3687 enique
1646 3586 1684 3658 in

406 3687 510 3778 tsuo,
539 3718 611 3768 non
620 3693 839 3769 invenienda.
891 3691 1076 3773 Verumde
1091 3685 1316 3787 hissequeutr
1325 3686 1697 3770 Euerdtationetom·

406 3789 476 3870 lior
493 3791 557 3868 erit
575 3790 713 3870 dicendi
739 3789 852 3870 locus.
1207 3797 1214 3810 ‘
