4667 5442
362 546 365 551 ,
494 481 544 559 62
623 467 626 472 ’
979 468 1380 548 DISSERTATIO.

370 667 372 673 ’
488 661 563 742 sum
579 681 645 735 tam
661 654 797 734 absurda
813 659 927 758 opinio
944 659 985 729 iis
1001 654 1213 730 conciliandis
1230 656 1428 753 excogitata,
1445 646 1518 722 srio
1536 649 1677 723 mundo
1688 648 1767 721 esset
1782 649 1865 721 dicere

493 791 533 841 ert
548 759 737 836 indubitata
760 759 835 831 fidei
850 755 1029 832 canonibus
1049 760 1091 829 R.
1112 757 1282 827 Haninanr
1300 778 1410 824 veram
1435 754 1663 823 traditionem
1682 748 1820 827 habere,
1840 758 1862 822 dt

490 891 558 940 non
575 862 661 936 illius
673 857 888 938 adversarios,
911 856 964 931 vel
982 879 1122 930 contra:
1148 863 1222 928 Into
1243 878 1352 949 neque
1372 849 1440 951 ipse
1458 847 1614 921 Menalle
1629 851 1709 921 Ben
1726 847 1860 921 lliaelrr·

489 963 589 1038 lebria
600 964 686 1060 apud
703 956 785 1060 ipsos
798 957 925 1032 Author
942 955 1022 1029 scire
1041 958 1147 1053 potuit
1160 956 1243 1052 quid
1258 952 1370 1026 dehoc
1387 956 1432 1025 tt.
1447 953 1553 1024 Simai
1567 948 1723 1022 statuere
1738 946 1855 1020 deberet

492 1089 534 1136 an
549 1060 614 1136 scil.
631 1060 717 1136 illius
740 1062 898 1133 sententia
913 1082 974 1156 pro
988 1058 1162 1128 traditione
1176 1051 1322 1127 Mosaic'a
1338 1049 1541 1123 admittenda
1557 1047 1676 1139 ellet,
1716 1044 1858 1146 ubierpli·

489 1159 784 1259 caturallegorice3
811 1184 853 1230 an
870 1153 972 1230 secus.
1022 1158 1113 1227 Nara
1125 1154 1257 1227 Liltur.
1273 1145 1424 1244 durefort.
1439 1173 1516 1221 arar.
1531 1155 1613 1241 Cap.
1625 1166 1676 1224 ιι.
1706 1146 1854 1226 ubiomu'u

492 1287 567 1360 quae
592 1262 658 1332 diri
683 1280 812 1346 narrat,
838 1259 879 1329 de
903 1255 963 1327 hac
979 1250 1137 1327 sententia
1160 1256 1205 1328 R.
1223 1255 1358 1326 Simmai
1384 1254 1429 1323 ita
1449 1244 1643 1346 subjungit.
1707 1240 1854 1342 Atquin

483 1361 568 1453 [rufis
585 1368 603 1449 (
621 1359 686 1432 scil.
702 1357 899 1456 allegorice)
923 1380 960 1427 ea
979 1357 1092 1426 omnino
1112 1350 1399 1446 intelligendasuut,
1424 1347 1521 1438 aatss
1537 1348 1637 1419 aliter
1663 1350 1850 1445 intedigum

487 1485 544 1535 nou
558 1460 612 1551 mli
622 1481 677 1554 pra
685 1459 865 1552 particulari
880 1458 1006 1549 opinione
1018 1455 1148 1526 babentia
1162 1451 1201 1541 est
1214 1452 1414 1544 islasanterttia
1421 1469 1438 1533 ‚·
1461 1448 1539 1538 quia
1551 1447 1593 1524 ὡ
1617 1450 1794 1544 rejicienda.
1809 1453 1848 1518 li

488 1562 554 1632 den
570 1583 672 1656 quam
690 1545 1062 1651 dubitanterloquatur?
1089 1556 1190 1625 Tanti
1207 1573 1317 1623 tamen
1334 1548 1539 1621 hicSitnrnai
1563 1554 1604 1622 &
1625 1545 1849 1622 haecilliurlrr·
1894 1609 1896 1616 .

488 1661 590 1733 tentia
606 1654 678 1728 aliis
693 1655 758 1733 esi.
784 1658 961 1729 utineam
984 1674 1140 1752 tanquam
1168 1647 1378 1725 certiffimarn
1402 1642 1547 1745 pedibus
1561 1669 1673 1744 eant.
1728 1648 1849 1722 Doretii
1893 1631 1896 1720 l

489 1760 578 1835 Elias
593 1760 630 1828 in
647 1756 703 1830 luo
720 1753 816 1827 tutus·
827 1757 977 1828 adunam
992 1730 1074 1818 (ΜΒ)
1090 1751 1148 1827 ubi
1163 1750 1361 1848 sententiam
1375 1746 1462 1820 banc
1477 1766 1656 1845 tanquam
1671 1770 1852 1886 compunta
1894 1773 1896 1814 ε

485 1894 671 1998 Doctorum
686 1892 851 1992 proponit.
879 1928 963 2001 pana
981 1925 1124 1999 mutarn
1149 1925 1189 1995 ,aa
1209 1927 1266 1984 utu
1295 1895 1340 1980 ab
1365 1923 1485 1980 catuna
1527 1921 1662 1981 nttnrn
1687 1925 1721 1981 u
1745 1895 1792 1982 la
1807 1923 1852 1988 ru

420 2043 426 2051 ι
488 1989 636 2080 abuiuuu
650 1992 725 2080 aab
739 2021 813 2079 nan
825 1991 1040 2079 obnubuit
1057 2023 1117 2103 pi
1134 1996 1201 2075 aba
1221 2021 1301 2079 :un
1319 2018 1389 2076 ern
1400 1992 1487 2091 ras
1501 2019 1617 2082 utana
1628 2022 1776 2098 ananan
1787 1992 1859 2075 len

359 2104 361 2108 '
486 2116 541 2183 un
566 2120 625 2177 out
646 2090 745 2174 lma»
764 2120 828 2197 pan
851 2119 910 2199 pn
934 2120 975 2184 au
993 2119 1099 2192 apaan
1120 2117 1206 2179 nno.
1257 2109 1438 2199 Existimant
1468 2111 1611 2183 ltabbiai
1635 2111 1734 2199 maai
1747 2111 1856 2206 μὴ

485 2208 686 2298 restoresiionr
696 2226 942 2281 mortuorunm
957 2208 1153 2295 vivificandas
1165 2206 1215 2296 effe
1227 2210 1282 2299 nist
1291 2211 1352 2282 idas
1364 2206 1537 2307 qaifepalti
1542 2209 1629 2300 sant
1645 2211 1683 2281 in
1696 2207 1857 2298 amarua-

486 2312 525 2379 srs
538 2332 556 2393 ,·
580 2329 613 2380 ar
624 2332 670 2381 eos
690 2308 742 2399 qai
755 2327 843 2379 extra
860 2309 935 2379 banc
952 2306 1281 2399 terramsepultr'sunt,
1304 2331 1362 2380 nan
1371 2305 1587 2397 resuscitatam
1600 2313 1646 2382 iai
1660 2311 1725 2401 adi
1732 2312 1856 2381 wrm

484 2410 604 2480 tuitus
619 2405 850 2503 persnamina,
866 2410 1039 2479 valedicere
1064 2403 1118 2492 firi
1138 2404 1200 2500 solu
1220 2408 1281 2482 idos
1293 2395 1508 2490 menetai.
1536 2412 1636 2482 dener
1648 2409 1857 2506 ΜΛ

374 2552 376 2557 .
487 2511 680 2580 meditatim
693 2526 774 2578 rma
781 2510 917 2600 Israelis,
940 2508 1036 2600 ilique
1047 2505 1300 2593 resuscitabuntur.
1354 2505 1457 2579 Stulte
1472 2505 1559 2582 huic
1575 2511 1714 2585 dubiori
1731 2509 1855 2585 tantud-

487 2605 655 2680 biberetur
670 2604 780 2687 fides,
804 2604 827 2676 li
843 2628 933 2680 certo
947 2606 1020 2679 sciri
1042 2603 1141 2704 pollet
1159 2612 1247 2701 juxta
1263 2630 1340 2680 eum
1353 2630 1421 2680 non
1443 2603 1508 2679 elle
1529 2609 1763 2686 statuendum.
1787 2612 1856 2683 Pre-

487 2727 594 2794 terea,
622 2701 760 2777 absurde
777 2703 959 2803 personales
980 2709 1199 2804 prerogativae
1216 2708 1399 2780 Dodiorunr
1420 2713 1455 2781 &
1473 2705 1584 2804 hujus
1597 2735 1739 2784 acumen
1752 2707 1857 2810 prail-

485 2801 519 2876 lo
536 2823 688 2901 urgetur,
713 2800 771 2873 ubi
786 2804 920 2898 quaestio
936 2804 982 2874 esi
999 2806 1040 2873 de
1050 2802 1281 2880 traditionibus
1292 2832 1335 2880 an
1349 2807 1504 2879 Mosaicae
1523 2805 1594 2883 lint
1611 2835 1652 2882 an
1668 2811 1770 2883 secan.
1795 2811 1856 2883 Ne·

415 3034 419 3040 -
485 2897 1121 3076 diffinirillsslillll‘t
1135 2901 1611 3101 iiiillstnltilll⁰⁸3l
1624 2906 1789 3082 sslf?
1803 2934 1857 3082 ‘l

346 3141 348 3146 ·
457 3143 459 3148 ·
483 3096 565 3182 fint,
590 3102 672 3198 quid
686 3096 787 3173 refert
806 3100 921 3198 bquo-
932 3105 1180 3201 proponantur?
1213 3103 1269 3178 dn
1284 3102 1337 3181 V.
1356 3110 1396 3179 G.
1413 3062 1549 3181 Rabba’e
1578 3105 1645 3182 fata
1660 3106 1799 3207 quodam
1810 3115 1849 3183 dt

483 3196 636 3273 nascendi
651 3198 735 3273 sorte
747 3204 907 3296 contigit,
936 3208 971 3273 in
988 3227 1079 3275 verat
1091 3204 1220 3306 semper
1233 3206 1402 3288 incidere,
1425 3203 1580 3305 josepho
1601 3230 1710 3284 autern
1727 3211 1781 3280 uix
1800 3231 1848 3281 te·

484 3305 593 3399 perire
612 3320 730 3399 praeter
751 3304 969 3385 sauromatas?
995 3305 1057 3374 Sed
1074 3300 1132 3376 ubi
1146 3302 1209 3378 boc
1229 3310 1286 3378 uni
1304 3330 1370 3405 ptae
1396 3303 1562 3379 sodalibus
1582 3307 1796 3409 promislttm'l
1818 3317 1851 3384 u

483 3402 572 3472 unde
591 3405 666 3502 quis
683 3403 825 3471 veritatis
840 3399 995 3474 studiosus
1013 3404 1093 3475 citra
1106 3424 1230 3479 metum
1244 3408 1397 3480 contrarii
1410 3402 1497 3478 illius
1514 3412 1646 3503 poterit
1655 3407 1850 3484 effecettur?

404 3593 407 3598 Ι
481 3501 546 3571 Sed
560 3501 713 3598 agedum.
748 3501 819 3570 Sint
829 3502 977 3596 quadam
1009 3500 1201 3593 norismata,
1226 3529 1301 3603 quae
1316 3502 1455 3579 siccette
1468 3501 1544 3577 satis
1560 3510 1847 3612 medoceqntqu'r

480 3599 728 3673 Doctorumcui
744 3593 964 3696 preferendus
986 3527 1040 3681 lt,
1065 3627 1106 3673 an
1124 3604 1261 3701 dignum
1273 3602 1336 3679 hoc
1351 3605 1397 3677 est
1411 3608 1549 3703 Spiritui
1569 3611 1710 3700 sancto,
1725 3613 1847 3712 dignu

479 3698 615 3772 Divinis
633 3695 782 3796 scriptia.
807 3721 848 3769 ex
860 3719 927 3772 tarn
941 3696 1073 3774 diversa
1088 3700 1303 3802 opinionibus
1311 3730 1345 3801 pu
1370 3706 1432 3778 iter
1449 3699 1482 3777 se
1499 3727 1623 3782 mutuo
1638 3707 1847 3784 euerteutbu

479 3796 718 3911 mnsarcinari?
744 3802 882 3896 Farrago
901 3795 964 3872 tale
987 3796 1141 3898 scriptum
1162 3805 1268 3877 videri
1285 3829 1329 3905 po
1353 3824 1386 3879 et
1407 3813 1443 3880 dt
1457 3803 1650 3905 Rapsodia,
1672 3808 1847 3885 celeste&

479 3894 927 3995 Dtvroumntiiprajudiriir
943 3896 1098 3974 fascinato
1116 3899 1313 4004 nonpolset.
1622 3945 1627 3954 ¹

578 4062 640 4140 IX.
670 4063 969 4142 Acootradibioriir
984 4067 1212 4153 Talmudicir‚
1237 4075 1278 4146 ad
1287 4072 1413 4167 absurda
1429 4072 1647 4154 transeamus.
1704 4082 1847 4159 Certeid

476 4161 573 4243 rbcet
590 4165 692 4253 ratio,
716 4161 805 4237 nihil
821 4170 930 4242 uainus
941 4173 1015 4243 Deo
1028 4166 1168 4243 adscribi
1184 4172 1296 4270 polle,
1344 4199 1420 4249 uam
1437 4177 1471 4246 id
1478 4178 1569 4274 quod
1587 4178 1697 4254 suase
1712 4179 1848 4257 absurdi·

474 4283 541 4333 tata
561 4259 720 4377 confutat.
771 4269 883 4342 Fateor
906 4269 941 4341 id
958 4294 1092 4344 omnem
1115 4268 1309 4370 religionem
1319 4200 1479 4374 babere,
1512 4281 1703 4379 omniaque
1725 4280 1847 4383 scripta»

465 4376 549 4460 tque
564 4384 620 4437 aut
634 4365 760 4438 Diutua
773 4359 854 4440 salso
877 4369 1056 4450 cacumin
1072 4390 1128 4446 aut
1143 4394 1259 4448 revera
1280 4370 1375 4474 sunt,
1398 4393 1436 4453 ut
1448 4373 1554 4452 multa
1573 4385 1846 4479 medaeamque

1748 4489 1847 4560 rarlotl
