4667 5442
569 477 664 607 362
774 476 1489 572 Exuuurrarro
1558 474 1688 574 XIV.

895 650 1016 715 Pateat
1038 641 1155 723 telus,-
1181 637 1356 735 Typhisque
1379 663 1477 713 novos
1577 623 1590 654 Ι

892 744 1036 837 Detegat
1059 737 1176 825 orbc53
1201 762 1257 808 nee
1275 733 1440 826 semermi

1067 834 1192 913 Ulu‘ma
1217 832 1328 907 tune.

565 930 673 1022 Quod
706 952 820 1005 tamen
842 932 904 1007 ille
929 958 999 1007 non
1021 931 1065 1004 de
1088 930 1203 1006 nostro
1224 929 1291 1003 hoc
1308 955 1402 1004 novo
1422 930 1530 1015 othe,
1557 926 1617 1003 sed
1641 928 1685 1004 de
1705 930 1917 1007 Britannicis

564 1031 703 1129 proprie
719 1026 838 1102 insulis
854 1030 1051 1111 intellexit,
1079 1032 1169 1102 &in
1194 1027 1332 1101 Claudii
1342 1029 1489 1127 gratiam
1500 1023 1638 1127 scripsit.
1693 1027 1842 1102 Clemens
1853 1035 1916 1104 Ro·

566 1151 677 1202 manue
697 1130 733 1200 in
749 1129 854 1224 priori
872 1123 930 1200 sua
948 1125 993 1199 ad
1010 1124 1216 1199 Corinthios
1235 1123 1376 1220 epistola
1392 1131 1436 1210 s·
1451 1151 1510 1201 zo.
1521 1151 1558 1222 p.
1576 1132 1656 1214 158.
1671 1123 1843 1197 editionis
1853 1151 1917 1198 nu·

405 1310 407 1314 ¹
464 1251 467 1259 ·
567 1226 745 1324 perrimae,
766 1220 885 1303 deseror
904 1216 1061 1317 ἆνθςᾶποκ
1082 1219 1247 1316 dacigenae
1267 1216 1329 1291 else
1347 1225 1570 1320 pronunciat,
1599 1215 1718 1304 mittit
1732 1218 1805 1305 μετ’
1825 1219 1915 1289 amn

516 1332 519 1338 '
568 1320 693 1403 κόσμυς.
736 1329 897 1416 lnquem
920 1319 1039 1391 locum
1057 1318 1338 1415 operaepretium
1359 1321 1423 1390 erit
1448 1314 1563 1417 legisse
1589 1317 1835 1391 eruditissimas
1856 1324 1915 1389 Pa·

513 1474 517 1478 -
566 1424 655 1494 tritii
672 1421 773 1512 Junci
791 1416 1043 1489 annotationes.
1097 1416 1188 1489 Utut
1201 1411 1263 1496 stt,
1291 1439 1335 1488 ex
1356 1416 1429 1504 ejus
1448 1416 1582 1514 generis
1601 1414 1809 1488 testimoniis
1831 1411 1917 1487 nihil

566 1517 663 1590 aliud
674 1516 719 1589 ad
735 1511 909 1586 summum
927 1508 1107 1592 conficias,
1135 1509 1195 1585 nist
1214 1510 1313 1584 illam
1332 1512 1453 1583 mundi
1466 1512 1916 1609 partemapaucisquibus·

567 1615 648 1685 dam
667 1634 822 1685 veterum
844 1609 1021 1680 auditione
1051 1630 1248 1706 acceptam,
1275 1607 1333 1680 vel
1362 1610 1624 1681 ratiocinatione
1642 1607 1857 1690 stabilitam,
1884 1628 1916 1681 at

567 1704 774 1806 inspectione
790 1730 859 1779 non
879 1699 1102 1803 usurpatam:
1126 1731 1199 1778 non
1218 1726 1306 1779 certe
1326 1704 1370 1777 ab
1388 1706 1590 1804 Europaeis:
1618 1698 1677 1777 etsr
1689 1703 1916 1778 deAfrisdu·

569 1803 671 1878 bitari
695 1797 826 1876 fortalle
843 1798 965 1899 potest.

393 1906 524 1981 sxxlx.
551 1938 554 1943 ·
668 1902 849 1972 XXXIX.
877 1903 966 1986 Quae
988 1896 1032 1969 de
1049 1894 1216 1994 bicipitum
1234 1899 1432 1995 Aquilarunt
1450 1894 1551 2000 lignis
1575 1900 1611 1973 in
1630 1901 1817 1973 Provincia
1837 1896 1916 1971 Cbili

396 1993 539 2069 Btcipieum
571 2000 713 2096 repertis
732 2017 987 2076 memorantur,
1015 2020 1058 2068 an
1076 2018 1156 2069 vera
1175 1990 1375 2070 fintnescio.
1426 2001 1507 2071 Hoc
1521 1995 1611 2078 scio,
1640 1995 1854 2094 plerumque
1864 2020 1915 2068 ac·

390 2069 559 2222 [ww
573 2096 684 2169 cidere
703 2141 714 2178 ,
742 2086 782 2166 ut
799 2118 843 2165 ex
869 2114 940 2164 tam
956 2089 1078 2166 diffitis
1094 2093 1294 2190 regionibus
1310 2090 1474 2166 immensa
1497 2095 1570 2167 cavi
1596 2088 1723 2190 spirent
1739 2093 1915 2166 mendacia

394 2241 518 2281 nummus
572 2193 688 2268 folles.
740 2196 784 2262 Et
802 2188 903 2261 suerit
918 2211 1091 2286 repertum
1103 2189 1237 2288 aliquid
1256 2192 1422 2265 Romanis
1441 2186 1628 2288 insignibus
1646 2189 1916 2287 quodammodo

393 2296 518 2376 Augusti,
572 2287 700 2372 limile,
726 2314 769 2360 an
789 2310 858 2358 non
874 2311 946 2383 quo
968 2287 1077 2358 modo
1096 2288 1264 2360 Romanis
1279 2289 1314 2359 in
1334 2310 1486 2359 mentem
1503 2287 1631 2368 venit,
1659 2285 1789 2359 eodem
1810 2287 1917 2360 modo

275 2388 287 2437 l
393 2374 540 2432 commentis
573 2380 801 2460 Chiliensrbus
819 2384 856 2454 in
868 2404 1019 2455 mentem
1031 2387 1145 2457 venire
1159 2384 1298 2481 potuit,
1326 2406 1365 2454 ut
1382 2384 1500 2456 eadem
1516 2380 1576 2455 srbi
1591 2379 1733 2481 insrgnia
1744 2380 1916 2468 facerent}

571 2485 729 2583 AEgyptii
748 2505 853 2580 quam
870 2477 1073 2554 monstrosas
1093 2483 1128 2552 in
1147 2479 1428 2579 Hietoglyphicis
1445 2476 1513 2553 suis
1537 2478 1664 2552 formas
1684 2505 1729 2552 ex
1749 2482 1917 2554 variarum

393 2451 545 2524 accensenda

387 2528 465 2602 [m
571 2603 796 2656 ammantrum
816 2578 1053 2668 conjunctione
1074 2598 1312 2676 excogitarunt
1336 2603 1348 2663 3
1373 2578 1501 2675 quibus
1518 2571 1642 2648 srmiles
1667 2578 1756 2649 neci
1785 2574 1912 2660 sorum,

570 2701 634 2751 nec
653 2674 724 2746 ulla
738 2698 825 2746 terra
841 2675 955 2771 gignit
974 2670 987 2741 ἓ
1014 2674 1107 2746 lllud
1125 2674 1168 2745 de
1180 2699 1303 2747 nummo
1321 2699 1415 2747 aureo
1429 2698 1507 2747 curn
1527 2673 1638 2771 effigie
1656 2679 1735 2765 Aug
1781 2678 1796 2746 i
1807 2676 1845 2746 in
1858 2699 1917 2748 no·

571 2795 619 2844 vo
639 2769 724 2841 orbe
742 2791 878 2864 reperto
898 2815 909 2849 ,
937 2768 1037 2840 valde
1056 2769 1141 2841 mihi
1152 2766 1339 2866 suspestum
1359 2770 1416 2844 est.
1470 2775 1586 2858 Quam
1601 2770 1696 2843 facile
1707 2769 1776 2844 suit
1791 2767 1916 2871 Hispa·

572 2892 620 2941 no
643 2866 745 2939 alicui
764 2887 947 2937 nummum
967 2860 1081 2936 secum
1103 2867 1306 2947 advectum,
1335 2890 1373 2938 ut
1394 2867 1443 2939 ibi
1455 2889 1627 2964 repertum
1637 2867 1842 2951 venditare,
1867 2865 1919 2943 vel

571 2964 660 3041 lucri
684 2956 815 3043 caussa,
842 2959 899 3032 vel
917 2983 957 3033 ut
974 2961 1123 3034 aliorum
1133 2962 1325 3036 credulitati
1345 2962 1532 3037 illuderet?
1559 2969 1658 3035 Artes
1678 2962 1919 3039 illiusmodiin

520 3122 524 3129 .
571 3086 609 3140 te
626 3061 817 3134 nummaria
827 3060 958 3141 veteri,
986 3059 1029 3131 ab
1045 3054 1150 3134 seculi
1168 3056 1271 3133 nostri
1290 3055 1352 3130 usu
1374 3084 1444 3132 non
1463 3060 1654 3158 admodum
1666 3054 1830 3159 repulsas
1845 3057 1917 3146 else,

573 3161 654 3260 quis
672 3152 776 3230 nescit
795 3156 810 3229 ἓ
834 3153 962 3252 Lipfiuc
979 3152 1074 3254 ipse:
1100 3156 1238 3254 Pbyfiol.
1250 3160 1343 3231 Stoic.
1360 3154 1415 3229 lib.
1433 3154 1713 3248 11.differt.rc1x.
1769 3158 1919 3235 obelo·

572 3253 769 3355 impostorem
785 3256 831 3330 d*
851 3254 1032 3339 tutionem,
1056 3258 1191 3353 quisque
1208 3278 1367 3328 mmmum
1386 3252 1432 3327 ibi
1444 3255 1592 3349 abjecit!
1617 3280 1689 3328 nam
1701 3255 1803 3331 aliter
1822 3277 1921 3356 reper-

573 3375 642 3432 tum
659 3378 719 3427 non
735 3348 816 3445 effe,
839 3351 920 3425 mihi
938 3355 1064 3450 quidem
1081 3352 1202 3452 liquet,
1226 3349 1319 3445 niftfi
1344 3357 1464 3429 Genius
1479 3354 1537 3426 hoc
1546 3349 1638 3444 fecit.
1686 3359 1767 3428 Nec
1786 3354 1920 3431 abludit

573 3453 751 3528 Tomiellua
770 3453 811 3523 ad
828 3455 958 3526 Anntcm
981 3468 1084 3543 3043.
1101 3471 1133 3545 p.
1152 3456 1210 3524 26.

395 3578 455 3647 χι,
475 3574 535 3633 c„
670 3553 752 3621 XL.
779 3549 941 3643 Denique
959 3543 982 3618 st
998 3547 1074 3645 post
1084 3546 1229 3644 Augusti
1248 3567 1385 3620 aetatem
1405 3548 1568 3645 Europaei
1587 3545 1750 3622 homines
1768 3573 1853 3623 cum
1870 3552 1916 3621 A·

394 3655 516 3714 neem
576 3646 756 3718 mericanis
782 3641 963 3717 habuerint
981 3646 1259 3726 commercium,
1287 3666 1327 3716 ut
1345 3639 1426 3716 suos
1442 3669 1485 3715 eo
1508 3669 1672 3717 nummos
1694 3645 1918 3731 devexerint,

396 3752 458 3826 ⁶5⁹⁸
469 3728 547 3821 Ψ·
576 3743 638 3840 qul
656 3738 781 3814 sadum
799 3738 864 3822 est,
892 3760 931 3811 ut
945 3765 1015 3813 non
1034 3741 1282 3812 commercium
1298 3735 1410 3812 solum
1421 3739 1535 3823 illud,
1563 3736 1671 3813 sed&
1689 3743 1808 3814 omnis
1827 3742 1919 3817 illius

396 3823 565 3943 xm*
576 3838 766 3920 memoria,
793 3860 853 3935 per
872 3857 926 3909 tot
938 3832 1048 3913 secula
1059 3834 1293 3909 interciderit?
1319 3842 1413 3910 Nam
1431 3838 1530 3935 quod
1555 3862 1700 3936 regnum
1720 3839 1917 3913 civitatum·

394 3980 434 4021 ne
450 3955 547 4034 secutis
577 3958 645 4034 que
668 3934 843 4008 interdicta
862 3954 1056 4032 praetexant
1069 3933 1116 4006 ali
1144 3936 1207 4015 ui,
1236 3957 1276 4004 ea
1296 3934 1436 4007 sortalsrs
1457 3961 1476 4007 e
1495 3958 1594 4033 tergo
1614 3935 1709 4010 illius
1722 3934 1853 4009 chartae
1867 3937 1918 4010 in·

394 4041 529 4113 ham?-
575 4032 780 4115 veniuntur,
808 4030 1086 4104 euiConllantini
1102 3959 1149 4105 eh
1166 4025 1325 4130 inscripta
1349 4031 1505 4106 donatio.
1558 4031 1677 4114 Bella,
1696 4030 1914 4116 vastationes,

393 4133 454 4176 Μ’
465 4108 563 4249 Ῐῖἓῗῦ
574 4129 785 4228 direptiones
797 4128 902 4204 nostri
910 4127 1013 4220 hujus
1023 4127 1139 4212 orbis,
1165 4153 1227 4228 per
1237 4127 1398 4212 Gothos,
1425 4129 1614 4212 vandalos,
1642 4134 1810 4213 Hunnos,
1822 4134 1919 4204 Lon·

394 4188 545 4349 ssd
572 4222 1917 4400 tenendushaeseruntleuchus

572 4422 746 4497 malorum
762 4346 926 4519 effugiuiit
944 4353 1075 4506 in’aliis
1092 4352 1193 4499 tertii
1209 4347 1385 4522 cfuaerereh
1410 4417 1437 4499 st
1456 4446 1513 4502 eas
1532 4348 1657 4504 egadlm
1672 4418 1807 4526 velipfi
1823 4446 1917 4496 com-

572 4514 749 4623 perissent,
772 4515 829 4600 vel
847 4518 1074 4611 amantibus
1090 4541 1177 4601 naec
1191 4513 1403 4621 accepissent,
1581 4605 1583 4609 Α
1665 4571 1674 4582 -
1816 4522 1914 4600 ΧΠ.
