4667 5442
485 524 556 605 ις.
817 501 1207 616 ninnium
1239 499 1482 594 ntztrstt
1591 549 1594 556 .

481 690 596 780 titus,
619 702 737 759 utnon
753 705 819 760 tatu
836 683 1019 785 humuipse
1034 709 1126 760 orate
1142 685 1302 769 viderur.
1348 706 1423 759 utut
1437 685 1575 782 Spiritus
1591 685 1662 757 Dei
1673 683 1716 756 iu
1727 677 1834 756 humi·

484 812 543 860 ne.
589 788 718 879 Spiritus
731 811 799 859 nou
814 781 1049 874 sulumsacittt
1065 791 1295 880 tetelmus,
1386 783 1685 858 &cumutamus
1701 781 1834 855 Gallu.

488 894 525 960 6.
561 887 697 980 Spiritus
710 882 777 981 ipse
791 887 937 955 intercedit
947 906 1002 979 ptr
1017 886 1107 971 nobis,
1126 885 1284 977 gemitibus
1295 883 1545 965 inenarrabilibus,
1562 882 1725 974 serrandum
1737 887 1835 952 Dm

484 985 633 1055 intercedit
645 1003 698 1075 pro
715 986 841 1054 Sandis.
868 987 968 1057 Rom.
987 1000 1064 1055 vm.
1083 995 1143 1054 26.
1161 1008 1219 1066 27.
1331 979 1424 1054 uibus
1437 979 1521 1051 nihil
1536 981 1603 1057 diri
1618 981 1730 1078 potuit
1743 981 1834 1050 Divi·

486 1089 560 1157 nius
577 1083 617 1153 ad
631 1105 780 1154 arcanam
794 1080 883 1152 illam
895 1084 1031 1179 Spiritus
1047 1085 1269 1180 operationem
1285 1084 1297 1151 i
1346 1081 1522 1154 rumdam.
1538 1083 1541 1090 '

505 1234 511 1248 .
601 1180 738 1254 Lxxt.
767 1184 981 1254 Praetermitto
996 1179 1074 1252 alit:
1097 1203 1207 1277 neque
1223 1181 1312 1254 enim
1326 1176 1402 1253 lieet
1416 1174 1539 1276 fingula
1555 1186 1764 1269 remig-tq.
1786 1176 1834 1248 Ad

434 1335 438 1340 -
480 1307 524 1353 ea
541 1304 629 1352 nuuc
641 1304 793 1449 properat
807 1283 927 1359 oratio,
950 1276 1069 1374 quibus
1082 1281 1221 1377 Spiritus
1241 1295 1451 1351 consortum
1477 1301 1515 1347 ac
1527 1275 1717 1350 demulcere
1738 1273 1835 1346 fideli·

481 1404 541 1456 um
556 1399 681 1451 mentes
710 1377 790 1454 olet.
838 1384 877 1449 ln
893 1378 1012 1476 quibus
1026 1399 1215 1452 eatermum
1230 1384 1379 1449 omnium
1395 1375 1495 1452 veluti
1516 1375 1770 1448 fundamentum
1781 1373 1836 1462 eil,

483 1480 671 1571 testimoninm
693 1476 773 1551 illud
790 1479 882 1574 quud
903 1501 963 1549 uta
979 1498 1046 1547 cem
1063 1478 1176 1572 Spiritu
1188 1476 1279 1567 mslro
1296 1473 1467 1574 perhibet,
1501 1473 1519 1546 i
1537 1478 1613 1547 Deo
1628 1498 1689 1547 nus
1705 1479 1741 1546 iu
1757 1471 1834 1545 lilius

468 1583 650 1675 -adupttros
668 1575 742 1654 elle.
774 1576 874 1650 Rom.
890 1595 972 1657 vul.
992 1582 1048 1651 16.
1149 1601 1189 1645 ua
1210 1578 1253 1644 de
1268 1600 1304 1646 re
1320 1577 1458 1654 memini
1475 1599 1530 1645 tne
1548 1573 1628 1646 alias
1643 1599 1711 1645 non
1732 1571 1838 1661 indili-
1858 1589 1863 1601 ·

483 1698 600 1776 genter
617 1672 738 1747 ditille.
785 1677 921 1747 Summa
936 1674 1003 1745 huc
1014 1676 1109 1747 redit.
1194 1699 1258 1747 unc
1270 1677 1406 1772 Spiritus
1419 1677 1485 1746 Del
1497 1675 1659 1766 adeptionis
1673 1668 1839 1744 nobism-

482 1777 552 1847 strae
566 1773 754 1858 testimenium
767 1770 902 1871 prebet,
924 1776 1055 1868 quando
1069 1797 1137 1845 non
1149 1775 1248 1846 modo
1260 1776 1402 1866 Spiritum
1418 1771 1556 1866 nasim
1564 1790 1755 1870 torpentem
1765 1767 1837 1844 ullo·

482 1878 568 1970 quin
584 1879 620 1946 δι
638 1869 860 1968 languentem,
882 1876 991 1941 exciret
1003 1874 1045 1943 ad
1058 1870 1115 1945 dil'
1140 1891 1251 1944 entem
1268 1867 1528 1946 observationem
1545 1893 1665 1946 eurum
1679 1894 1756 1969 que
1770 1872 1837 1942 ani·

483 1998 548 2046 ntae
564 1970 678 2044 nustrae
694 1968 818 2052 insunt,
837 1992 936 2067 atque
950 1968 993 2042 ab
1012 1996 1061 2052 ea,
1083 1996 1103 2042 v
1150 1973 1188 2043 iu
1201 1993 1240 2042 ea
1254 1971 1360 2045 ltDeu
1375 1989 1547 2067 geruntur,
1571 1993 1717 2069 queque
1736 1987 1771 2042 ut
1785 1967 1836 2040 ad·

483 2074 628 2242 pptiunis
638 2070 762 2239 eliadlffl
777 2066 999 2239 descrisbuntup
1013 2073 1049 2138 in
1067 2064 1161 2183 literis
1174 2091 1186 2157 3
1222 2069 1335 2238 sepoldp
1354 2066 1598 2240 uppclpsmentis
1623 2065 1833 2170 supercoelesti

499 2191 638 2244 uretrra
691 2189 782 2247 tsue
821 2192 856 2242 et
905 2191 1124 2240 tetuamass
1170 2190 1244 2238 uam
1303 2190 1355 2238 ta
1428 2190 1438 2238 t
1553 2193 1582 2254 r,
1608 2191 1750 2242 stertet
1782 2191 1831 2238 rt·

485 2270 722 2347 tervideamus,
747 2291 786 2339 ex
798 2193 949 2365 1ipuurpum
967 2191 1240 2337 animalvetlione
1257 2265 1430 2340 consolatio
1441 2192 1552 2340 lililluta
1568 2267 1706 2366 pendet,
1761 2193 1832 2338 lte-

484 2392 551 2465 que
567 2365 629 2442 huc
647 2388 785 2440 tautum.
834 2366 898 2438 Sed
911 2365 1035 2438 aceedit
1049 2368 1180 2436 internae
1198 2365 1354 2461 quidem,
1378 2364 1535 2463 nulloque
1552 2366 1701 2441 hunum
1720 2365 1834 2441 sermu-

483 2492 527 2539 ne
543 2465 761 2564 explicandus,
784 2465 947 2556 imnum,
972 2465 1159 2536 immediate
1177 2463 1309 2536 diledius
1324 2467 1389 2536 Dei
1405 2465 1591 2564 adoptionis
1607 2463 1674 2539 suae
1687 2471 1836 2540 certiores

484 2567 636 2644 reddens,
657 2590 724 2638 nun
740 2568 848 2637 minus
865 2586 964 2660 quam
982 2560 1022 2644 st,
1044 2568 1079 2634 in
1094 2557 1278 2634 Paradisum
1293 2567 1359 2634 Dei
1378 2569 1488 2663 rupti,
1512 2587 1553 2636 ex
1568 2563 1666 2662 ipfius
1683 2569 1748 2638 Dei
1769 2591 1833 2648 ore,

484 2666 600 2738 sonoro
617 2662 728 2762 aliquo
743 2662 884 2742 oraculo,
907 2664 941 2732 id
958 2657 1159 2760 accepissent.
1186 2657 1264 2732 usal.
1274 2680 1384 2735 xxxv.
1401 2687 1435 2749 ς.
1472 2665 1534 2736 Dic
1547 2668 1650 2734 atine
1662 2689 1737 2742 mee,
1757 2666 1834 2752 (der

482 2785 538 2834 rua
556 2787 606 2854 ego
618 2761 696 2845 firm.
741 2763 899 2857 Denique
915 2783 1018 2856 quum
1033 2758 1159 2831 nullum
1174 2760 1393 2834 testimonium
1403 2758 1544 2838 validius
1555 2758 1596 2835 lit
1608 2789 1649 2837 eu
1663 2752 1752 2860 quud
1764 2759 1834 2863 ipsis

476 2862 568 2950 saliis
591 2857 829 2953 comprobatur,
855 2860 895 2926 iis
910 2881 1044 2953 quoque
1058 2883 1125 2930 non
1138 2855 1213 2930 sinit
1232 2855 1263 2930 se
1287 2869 1474 2953 imprimi
1485 2865 1551 2934 Dei
1569 2866 1701 2960 Spiritus
1706 2885 1721 2952 ,¹
1740 2866 1829 2934 eietu

483 2962 519 3029 iu
534 2941 684 3029 fidelibus
699 2948 872 3051 generosos
885 2977 1003 3034 motus,
1029 2952 1288 3055 dulcillsmusque
1301 2980 1422 3057 raptus,
1447 2967 1485 3036 de
1501 2955 1678 3054 demult'ens
1693 2983 1746 3031 eos
1759 2981 1825 3030 tam

482 3054 643 3135 suavibus.
667 3074 735 3126 tam
750 3050 896 3132 blandis,
925 3077 1125 3150 omnemque
1134 3053 1223 3150 p'deu
1238 3081 1384 3131 mentem
1404 3056 1626 3157 superantibus
1645 3056 1826 3132 tuululauu-

483 3154 605 3244 nibus,
631 3174 667 3227 ut
683 3178 749 3225 non
765 3147 885 3251 pulfint
906 3175 958 3223 eas
979 3152 1074 3224 aliter
1098 3178 1196 3249 quam
1217 3158 1352 3232 totidem
1371 3157 1554 3258 adoptionis
1576 3155 1638 3246 suu
1654 3162 1832 3232 testimonia

483 3253 696 3329 conliderate.
773 3252 822 3323 Ita
837 3253 975 3347 Spiritus
991 3255 1055 3324 Dei
1074 3256 1116 3321 ad
1133 3278 1181 3326 cor
1199 3251 1346 3332 fidelium
1365 3255 1522 3353 loquitur.
1553 3256 1636 3332 Hos.
1655 3279 1693 3332 11.
1716 3281 1770 3353 14·
1798 3267 1831 3332 dt

483 3354 621 3427 ostendit
644 3353 681 3421 iis
702 3352 824 3420 divitias
837 3352 1075 3442 supereminentis
1091 3352 1234 3425 latitatis
1243 3353 1318 3441 fite,
1350 3360 1388 3436 (r
1404 3380 1463 3447 qut
1477 3358 1516 3442 fir
1525 3356 1594 3451 spes
1610 3361 1662 3432 illa
1677 3362 1831 3432 veterinarii

480 3453 552 3541 fiet,
579 3454 617 3528 (φ
631 3472 691 3541 que
706 3471 770 3541 opes
780 3451 878 3542 glorie
890 3451 1059 3521 hereditatis
1074 3449 1128 3535 fite
1141 3451 1298 3541 infertilis.
1326 3454 1443 3552 Ephes.
1463 3475 1489 3529 1.
1510 3470 1567 3540 18.
1634 3459 1682 3532 lta
1700 3484 1754 3532 eos
1775 3457 1829 3529 ali.

401 3613 406 3622 .
480 3551 635 3646 quaudo,
672 3546 773 3619 veluti
794 3569 891 3621 manu
911 3545 1106 3644 prehensos,
1141 3555 1176 3632 in
1193 3559 1354 3646 penetralia
1379 3552 1515 3627 coelestit
1539 3551 1648 3655 spunfi
1672 3562 1831 3639 innodarit.

482 3653 583 3725 Cant.
605 3672 628 3724 1.
648 3672 685 3742 4.
712 3642 883 3741 levatoque
908 3641 1021 3745 stpariu
1037 3660 1072 3722 δι
1094 3651 1233 3724 diductis
1247 3651 1324 3724 coeli
1344 3659 1496 3746 cortinis,
1522 3679 1562 3724 ea
1583 3682 1657 3753 quae
1676 3663 1759 3731 intra
1777 3683 1829 3732 te·

482 3746 552 3824 lum
569 3747 651 3834 sunt,
678 3742 759 3845 ipsas
774 3747 929 3817 nimirum
950 3745 1027 3820 eoeli
1040 3746 1180 3838 delicias,
1207 3741 1375 3826 adfutura
1389 3757 1462 3828 vita
1479 3757 1617 3854 gaudia,
1644 3763 1750 3832 menti
1762 3784 1832 3833 cun·

482 3847 679 3945 templtnda,
704 3848 879 3939 animoque
900 3843 1096 3943 praelibanda
1111 3847 1256 3924 exhibet.

600 3945 749 4020 LXXII.
791 3946 856 4016 Sed
879 3953 914 4019 &
933 3925 1088 4043 filgulare
1101 3946 1225 4046 aliquid
1242 3955 1403 4053 contingit
1423 3956 1621 4053 quandoque
1638 3959 1726 4055 piis,
1749 3955 1830 4055 quud

444 4092 448 4098 -
483 4045 523 4121 ad
541 4046 696 4139 prophetici
713 4045 841 4139 Spiritus
861 4063 963 4136 reptas
987 4051 1134 4141 proxime
1158 4051 1310 4123 accedere
1327 4056 1480 4139 videtur3
1514 4062 1658 4130 maxime
1686 4064 1779 4154 egris
1800 4079 1831 4128 ae

482 4142 699 4248 moribundis.
753 4148 799 4226 „In
814 4166 955 4239 quorum
970 4140 1149 4242 phantafit',
1175 4144 1240 4220 sive
1262 4151 1487 4249 vigilantium,
1512 4153 1576 4227 stve
1592 4137 1830 4234 dormientium,

481 4250 621 4344 Spiritus
642 4241 706 4312 Dei
723 4235 928 4314 lueidillirnas
952 4268 1060 4315 retum
1085 4245 1265 4322 toelellt'utn
1286 4254 1443 4348 imagines
1469 4258 1513 4324 ita
1532 4280 1774 4354 nunnunquam
1787 4259 1829 4325 di·

480 4348 593 4420 {lindie
610 4341 776 4440 depingit.
801 4360 836 4415 ut
848 4366 900 4414 eas
923 4368 988 4417 nun
1004 4366 1115 4418 utente
1129 4342 1252 4435 sulum,
1275 4345 1331 4423 sed
1346 4361 1382 4427 δι
1402 4350 1502 4427 usulis
1516 4378 1627 4430 totam
1641 4381 1777 4431 cernere
1791 4358 1831 4428 vi·

1608 4462 1831 4540 .dean·
