4667 5442
550 457 1130 601 Dsltrcosrsronrs
1167 503 1598 610 Snnecrurr's.
1697 522 1804 632 145¹

541 671 715 747 xxxin.
743 680 809 748 Pro
827 672 988 770 exemplo
999 695 1070 744 tarn
1079 670 1227 769 placidae
1235 675 1377 757 mortis,
1404 670 1584 770 beataeque
1604 669 1928 755 esseeaesoeraxxxm.

443 764 575 840 laudari
607 772 761 853 meruit,
801 775 977 870 Jncoeus
1012 769 1146 842 anru
1180 774 1478 851 Srnturrusrs,
1516 771 1603 846 inter
1635 768 1949 859 veritatisCusuqme·

444 862 660 960 Evangelicae
676 867 898 938 &bonarum
918 866 1093 938 literarum
1119 864 1355 939 instauratores
1373 864 1456 939 haut
1473 868 1627 965 ignobile
1646 867 1681 937 in
1700 843 1940 977 Gal-agnda
1988 934 1995 944 ,

438 957 499 1031 liis
521 984 660 1034 nomen.
714 970 746 1034 Is
770 958 897 1034 senecta
914 961 1104 1033 admodum
1112 985 1238 1044 aetate,
1292 960 1782 1041 ersecutionisvehemenriam,
1795 996 1822 1049 ;,‚
1830 934 1932 1068 ἵζοι,

435 1079 513 1151 qua
534 1057 687 1129 veritatis
710 1053 907 1155 professores
929 1056 1189 1154 premebantur,
1217 988 1439 1156 effrigiturus,
1468 1058 1511 1131 ad
1530 1064 1693 1133 Navarrae
1712 1062 1878 1131 Re-Fabro
1901 1070 1972 1129 Su.

437 1154 587 1248 ginam,
624 1155 692 1249 piae
727 1149 844 1226 causlae
871 1149 1063 1227 animosam
1086 1153 1361 1251 prudentemque
1387 1154 1574 1237 tutricem,
1603 1146 1902 1229 Albrctumruhos·

441 1250 481 1319 in
507 1243 714 1321 vasconibus
731 1246 764 1320 se
785 1250 949 1342 contulit.
994 1252 1154 1335 Quadam
1176 1272 1292 1321 autent
1310 1250 1365 1320 die
1384 1246 1472 1321 misit
1492 1251 1564 1327 adi
1591 1247 1664 1324 surn
1677 1252 1788 1346 Reg'·

438 1368 512 1426 na,
539 1345 750 1418 &condixit
769 1349 813 1417 ad
832 1346 1044 1443 prandium:
1072 1348 1268 1439 convocatis
1288 1345 1396 1417 doctis
1425 1342 1558 1443 quibus
1597 1375 1631 1419 m
1651 1350 1687 1419 δι
1716 1278 1784 1443 pile

437 1437 665 1523 hominbus,
693 1466 845 1539 quorum
869 1440 1204 1514 confabulationibus
1224 1443 1350 1514 mirum
1368 1442 1402 1513 in
1427 1442 1574 1516 modurn
1595 1443 1786 1515 delectaba-

437 1555 510 1609 tur.
559 1543 652 1611 lnter
670 1536 909 1636 prandendum
938 1537 1023 1610 dum
1062 1540 1174 1609 caeteri
1199 1539 1352 1610 convivae
1374 1535 1476 1610 hilari
1508 1534 1662 1612 sermone
1685 1537 1788 1615 cibor
1905 1624 1912 1637 ,

440 1631 671 1718 condiebant,
699 1633 808 1706 multa
825 1636 980 1708 moeroris
996 1633 1121 1706 indicia
1152 1633 1261 1706 edidit
1281 1633 1399 1720 Faber.
1452 1630 1610 1708 Causlam
1629 1661 1648 1708 a
1674 1636 1786 1735 Regi.

441 1752 487 1800 na
504 1752 667 1826 rogatus,
693 1732 729 1802 in
745 1729 818 1802 haec
846 1730 950 1803 verba
969 1726 1163 1827 respondit:
1189 1734 1233 1800 Et
1251 1725 1452 1826 quipossem
1465 1775 1475 1811 ,
1503 1733 1659 1828 Regina,
1686 1729 1787 1808 laetus

440 1819 528 1908 esse,
553 1848 612 1897 aut
630 1827 718 1901 alios
741 1824 952 1908 exhilarare,
981 1826 1138 1898 omnium
1186 1850 1250 1897 uos
1268 1849 1354 1897 terra
1371 1823 1508 1899 sustinet
1527 1823 1785 1907 scelestissimus.

438 1925 490 1994 At
504 1922 603 2020 quod
620 1945 752 1996 tantum
773 1922 913 2020 potuisti
932 1915 1097 1994 admisisse
1113 1852 1243 2004 scelus,
1272 1921 1449 2018 inquiebat
1464 1920 1552 2005 illa,
1580 1924 1628 1998 mi
1642 1925 1784 2026 jacobe,

438 2021 505 2114 qui
522 2018 566 2089 ab
587 2022 725 2092 ineunte
749 2039 847 2109 aetate
868 2015 1062 2091 sanffiffime
1091 2014 1222 2117 semper
1246 2017 1365 2091 vixisse
1396 2014 1485 2091 visus
1503 2022 1573 2094 es?
1606 2024 1704 2119 Ego,
1731 2023 1787 2095 iu-

439 2118 548 2210 quit,
574 2118 726 2215 prirnum
749 2110 790 2187 su
831 2109 1086 2188 acentesnnum
1105 2140 1193 2188 nunc
1212 2139 1339 2188 annum
1359 2116 1477 2213 attigi,
1505 2141 1612 2214 purus
1637 2116 1684 2190 ob
1704 2142 1785 2191 om·
1830 2187 1833 2193 .

439 2213 477 2282 ni
508 2214 714 2324 contagione
731 2140 892 2285 muliebri
915 2239 927 2297 3
962 2212 999 2282 δι
1024 2208 1110 2282 nihil
1133 2237 1188 2283 me
1205 2204 1367 2284 admifisse
1394 2214 1562 2294 memini,
1586 2239 1659 2312 quo
1686 2218 1785 2310 gravi

438 2305 645 2381 conscientia
664 2334 708 2383 ex
726 2307 788 2380 hac
807 2309 880 2382 vita
902 2303 1072 2380 discedere
1102 2307 1322 2380 formidarem
1342 2336 1351 2382 z
1379 2303 1438 2379 nist
1454 2334 1585 2392 unum,
1613 2311 1709 2407 quod
1731 2333 1785 2383 ta-

438 2428 522 2477 men
543 2406 671 2503 expiari
692 2399 784 2504 posse
803 2401 954 2478 confido.
1006 2411 1079 2478 Prae
1096 2403 1257 2476 lacrumis
1275 2428 1358 2476 vero
1375 2407 1436 2476 vix
1459 2404 1550 2477 fandi
1561 2430 1710 2504 potens,
1739 2403 1784 2481 stc

437 2500 580 2573 tandem
597 2501 758 2599 perrexit.
810 2506 893 2591 Quo
910 2502 1027 2573 animo
1048 2500 1092 2571 ad
1114 2498 1290 2573 summurn
1310 2502 1378 2573 Dei
1398 2501 1547 2573 tribunal
1573 2505 1785 2599 compatitu-

436 2594 622 2678 russum,
650 2600 712 2694 qui
732 2592 880 2670 sendum
898 2598 969 2669 Dei
991 2596 1216 2692 Evangelium
1236 2591 1359 2669 sincere
1378 2597 1508 2669 multos
1537 2597 1665 2679 docui,
1693 2599 1782 2672 adeo
1892 2691 1895 2695 g

439 2718 500 2766 me
516 2696 551 2767 in
573 2693 669 2767 illius
681 2692 884 2791 professione
907 2692 1067 2766 fortiores
1087 2697 1124 2765 &
1147 2691 1412 2776 constantiores,
1440 2716 1567 2766 utnon
1593 2697 1697 2793 pauci
1717 2720 1779 2767 eo·

434 2814 519 2870 rum
541 2789 637 2863 mille
645 2812 841 2872 tormenta,
869 2786 1048 2888 ipsamque
1064 2788 1152 2861 adeo
1163 2813 1312 2862 mortem
1330 2785 1479 2862 animose
1490 2785 1676 2864 subierint?
1703 2795 1781 2890 Ego

437 2911 524 2959 vero
544 2885 634 2959 male
658 2884 812 2962 constans
838 2891 991 2970 Dostor,
1019 2888 1100 2960 vitae
1113 2931 1124 2968 ,
1150 2881 1209 2958 sua
1232 2881 1352 2983 sponte
1369 2885 1583 2984 decrepitum
1599 2881 1714 2977 senem
1740 2914 1782 2961 o-

437 2985 513 3057 cius
540 2979 719 3057 deserturae
737 2994 757 3065 ‚'
774 2985 866 3082 turpi
893 2982 999 3082 fuga,
1027 3005 1144 3056 contra
1163 2984 1309 3055 Domini
1336 3002 1569 3080 praeceptum,
1597 2979 1780 3063 consului:

435 3082 495 3155 cui
512 3077 794 3181 nihilgloriosrus
815 3081 1013 3178 contingere
1029 3073 1210 3179 potuisset,
1238 3104 1343 3177 quarn
1367 3102 1407 3149 ut
1428 3077 1579 3152 coelestes
1598 3082 1779 3163 veritates,
1907 3111 1916 3132 ·

464 3201 585 3249 uarum
605 3178 723 3251 erebro
748 3200 907 3274 expertus
927 3179 1091 3253 virtutem
1118 3172 1222 3256 sum,
1249 3174 1407 3271 pauxillo
1428 3175 1528 3271 quod
1544 3174 1642 3247 restat
1666 3172 1781 3251 senilis

433 3202 611 3369 sanguinis
626 3273 779 3346 alacriter
799 3268 1023 3367 obsignarem.
1074 3272 1133 3341 Ad
1154 3295 1233 3363 quae
1250 3275 1302 3339 Re
1329 3272 1411 3350 ina,
1452 3291 1491 3340 ut
1519 3292 1589 3342 erat
1611 3270 1781 3367 eloquen-

434 3369 590 3449 tissima,
616 3371 710 3440 &in
733 3366 832 3441 sacris
854 3363 974 3436 nostris
997 3365 1104 3436 literis
1123 3294 1414 3444 exercitatissime,
1442 3388 1553 3460 quum
1572 3364 1681 3437 multa
1708 3360 1780 3438 dis-

434 3457 608 3545 seruisset,
637 3488 716 3562 quae
740 3460 904 3537 leniendo
923 3459 1038 3533 dolori
1052 3484 1219 3558 perquam
1241 3458 1363 3531 idonea
1374 3481 1484 3541 erant,
1512 3484 1620 3559 eaque
1637 3462 1781 3536 assrden·

435 3566 527 3639 tium
545 3555 711 3659 suffragiis
734 3554 865 3632 firmata
879 3560 1044 3654 ausisque
1061 3554 1184 3637 essent,
1211 3554 1271 3629 ille
1292 3550 1441 3628 resumto
1466 3555 1582 3628 animo
1606 3551 1648 3630 stc
1674 3554 1775 3636 infit:

437 3662 533 3758 Ergo
547 3657 634 3730 nihil
654 3654 771 3737 restat,
795 3650 854 3728 nisr
872 3676 911 3726 ut
930 3651 1009 3726 hinc
1031 3652 1076 3725 ad
1093 3658 1211 3725 Deum
1231 3654 1400 3749 migrem,
1426 3650 1597 3736 condito,
1640 3650 1665 3728 si
1691 3653 1779 3732 libet

436 3759 533 3855 prius
552 3752 774 3828 testamento:
799 3775 914 3848 neque
934 3750 1023 3823 ultra
1038 3743 1264 3822 differendum
1278 3743 1418 3830 censeo,
1447 3771 1557 3846 quum
1578 3774 1598 3822 a
1618 3753 1698 3825 Deo
1721 3777 1780 3827 me

433 3851 550 3926 vocari
567 3851 771 3949 intelligam.
823 3852 915 3920 Mox
932 3849 1101 3919 contentis
1118 3848 1154 3918 in
1168 3848 1221 3917 Re
1249 3847 1340 3917 inam
1358 3843 1493 3926 oculis,
1527 3848 1604 3943 Ego
1632 3869 1688 3930 te,
1705 3850 1778 3923 'in-

434 3950 536 4049 quit,
564 3946 735 4022 haeredem
759 3942 911 4017 instituo.
963 3944 1208 4015 Concionatori
1268 3994 1278 4015 .
1299 3939 1453 4013 Gerardo
1467 3939 1576 4013 libros
1587 3967 1685 4017 meos
1697 3970 1777 4019 orn·

432 4069 498 4122 nes
515 4045 610 4143 lego.
661 4041 795 4124 Vestes,
822 4038 1051 4137 &quidquid
1068 4034 1204 4206 insuper
1220 4034 1349 4119 habeo,
1370 4035 1583 4148 pauperibus
1600 4039 1796 4141 relinqqu
1817 4087 1823 4098 ,

437 4148 575 4217 Caetera
593 4147 673 4213 Deo
691 4139 887 4212 committo.
937 4139 993 4207 Ad
1013 4158 1093 4232 quae
1111 4130 1149 4207 su
1174 4135 1287 4207 ridens
1307 4157 1446 4232 regina,
1473 4136 1624 4233 Jacobe,
1652 4140 1779 4236 inquit.

466 4238 529 4310 uid
546 4240 594 4311 ita
620 4261 664 4309 ue
685 4236 728 4310 ad
745 4258 802 4308 me
826 4258 870 4307 ex
887 4229 1083 4305 haereditate
1099 4230 1260 4303 deveniet
1281 4229 1295 4301 ἒ
1325 4231 1554 4328 Negotium,
1592 4227 1778 4331 respondet

439 4264 529 4415 ille,
554 4333 591 4406 di
635 4331 776 4407 ibuendi
791 4333 828 4404 in
847 4351 1025 4428 pauperes.
1076 4327 1243 4495 Accipio,
1269 4325 1401 4422 inquit,
1429 4328 1575 4425 juroque
1590 4332 1777 4433 gratiorem

438 4426 529 4508 mihi
548 4428 633 4503 bote
653 4424 717 4503 esse
736 4425 996 4514 hereditatem,
1023 4447 1129 4527 quarn
1163 4447 1176 4496 ι
1194 4420 1297 4501 frater
1311 4419 1398 4500 milri
1419 4422 1614 4502 Galliarum
1632 4448 1777 4524 regnum

533 4524 624 4613 Tom-
648 4532 700 4611 a
1111 4521 1147 4593 T
1668 4513 1779 4625 legas·
