<?xml version="1.0" encoding="UTF-8"?>
<!DOCTYPE html PUBLIC "-//W3C//DTD XHTML 1.0 Transitional//EN"
    "http://www.w3.org/TR/xhtml1/DTD/xhtml1-transitional.dtd">
<html xmlns="http://www.w3.org/1999/xhtml" xml:lang="en" lang="en">
 <head>
  <title>
</title>
<meta http-equiv="Content-Type" content="text/html;charset=utf-8" />
  <meta name='ocr-system' content='tesseract 3.04.00' />
  <meta name='ocr-capabilities' content='ocr_page ocr_carea ocr_par ocr_line ocrx_word'/>
</head>
<body>
  <div class='ocr_page' id='page_1' title='image "./hermanniwitsiim01witsgoog/hermanniwitsiim01witsgoog_0353.png"; bbox 0 0 4667 5442; ppageno 0'>
   <div class='ocr_carea' id='block_1_1' title="bbox 500 476 1672 626">
    <p class='ocr_par' dir='ltr' id='par_1_1' title="bbox 500 476 1672 626">
     <span class='ocr_line' id='line_1_1' title="bbox 500 476 1672 626; baseline 0.001 -35"><span class='ocrx_word' id='word_1_1' title='bbox 500 511 652 626; x_wconf 46' lang='lat'>430</span> <span class='ocrx_word' id='word_1_2' title='bbox 766 476 1672 611; x_wconf 73' lang='lat' dir='ltr'>Exrrcrra‘rro&#39;Xlll.</span> 
     </span>
    </p>
   </div>
   <div class='ocr_carea' id='block_1_2' title="bbox 371 647 1901 4525">
    <p class='ocr_par' dir='ltr' id='par_1_2' title="bbox 548 647 1900 827">
     <span class='ocr_line' id='line_1_2' title="bbox 548 647 1900 827; baseline -0.004 -93"><span class='ocrx_word' id='word_1_3' title='bbox 548 647 792 734; x_wconf 87' lang='lat' dir='ltr'>intermedium</span> <span class='ocrx_word' id='word_1_4' title='bbox 808 659 923 732; x_wconf 91' lang='lat' dir='ltr'>omnis</span> <span class='ocrx_word' id='word_1_5' title='bbox 939 656 1126 755; x_wconf 82' lang='lat' dir='ltr'>antiquitas</span> <span class='ocrx_word' id='word_1_6' title='bbox 1144 654 1437 755; x_wconf 89' lang='lat' dir='ltr'>innavigabilem,</span> <span class='ocrx_word' id='word_1_7' title='bbox 1464 658 1502 731; x_wconf 87' lang='lat'>&amp;</span> <span class='ocrx_word' id='word_1_8' title='bbox 1520 681 1540 731; x_wconf 87' lang='lat' dir='ltr'>a</span> <span class='ocrx_word' id='word_1_9' title='bbox 1560 653 1767 732; x_wconf 86' lang='lat' dir='ltr'>mortalibus</span> <span class='ocrx_word' id='word_1_10' title='bbox 1787 653 1804 750; x_wconf 90' lang='lat'>(</span> <span class='ocrx_word' id='word_1_11' title='bbox 1814 656 1900 827; x_wconf 79' lang='lat' dir='ltr'>quia</span> 
     </span>
    </p>

    <p class='ocr_par' dir='ltr' id='par_1_3' title="bbox 548 749 1901 853">
     <span class='ocr_line' id='line_1_3' title="bbox 548 749 1901 853; baseline -0.003 -24"><span class='ocrx_word' id='word_1_12' title='bbox 548 752 709 838; x_wconf 88' lang='lat' dir='ltr'>sacrum,</span> <span class='ocrx_word' id='word_1_13' title='bbox 746 755 937 852; x_wconf 90' lang='lat' dir='ltr'>divumque</span> <span class='ocrx_word' id='word_1_14' title='bbox 959 749 1075 825; x_wconf 91' lang='lat' dir='ltr'>sedem</span> <span class='ocrx_word' id='word_1_15' title='bbox 1098 751 1328 847; x_wconf 85' lang='lat' dir='ltr'>existimavit)</span> <span class='ocrx_word' id='word_1_16' title='bbox 1350 756 1570 853; x_wconf 88' lang='lat' dir='ltr'>navigatione</span> <span class='ocrx_word' id='word_1_17' title='bbox 1594 757 1740 827; x_wconf 89' lang='lat' dir='ltr'>minime</span> <span class='ocrx_word' id='word_1_18' title='bbox 1759 755 1823 825; x_wconf 90' lang='lat' dir='ltr'>vio</span> <span class='ocrx_word' id='word_1_19' title='bbox 1837 777 1901 826; x_wconf 89' lang='lat' dir='ltr'>an·</span> 
     </span>
    </p>

    <p class='ocr_par' dir='ltr' id='par_1_4' title="bbox 513 847 1898 950">
     <span class='ocr_line' id='line_1_4' title="bbox 513 847 1898 950; baseline -0.002 -26"><span class='ocrx_word' id='word_1_20' title='bbox 513 923 518 933; x_wconf 87' lang='grc'>,</span> <span class='ocrx_word' id='word_1_21' title='bbox 550 853 641 924; x_wconf 59' lang='lat' dir='ltr'>dum*</span> <span class='ocrx_word' id='word_1_22' title='bbox 657 851 813 926; x_wconf 91' lang='lat' dir='ltr'>credidit.</span> <span class='ocrx_word' id='word_1_23' title='bbox 863 849 1027 933; x_wconf 79' lang='lat' dir='ltr'>Accedit,</span> <span class='ocrx_word' id='word_1_24' title='bbox 1053 849 1152 947; x_wconf 89' lang='lat' dir='ltr'>quod</span> <span class='ocrx_word' id='word_1_25' title='bbox 1167 872 1245 923; x_wconf 89' lang='lat' dir='ltr'>ante</span> <span class='ocrx_word' id='word_1_26' title='bbox 1262 874 1436 949; x_wconf 84' lang='lat' dir='ltr'>repertum</span> <span class='ocrx_word' id='word_1_27' title='bbox 1454 851 1625 950; x_wconf 83' lang='lat' dir='ltr'>magnetis</span> <span class='ocrx_word' id='word_1_28' title='bbox 1643 850 1769 950; x_wconf 80' lang='lat' dir='ltr'>lapidis</span> <span class='ocrx_word' id='word_1_29' title='bbox 1781 847 1898 929; x_wconf 88' lang='lat' dir='ltr'>usum,</span> 
     </span>
    </p>

    <p class='ocr_par' dir='ltr' id='par_1_5' title="bbox 552 942 1901 1045">
     <span class='ocr_line' id='line_1_5' title="bbox 552 942 1901 1045; baseline 0 -26"><span class='ocrx_word' id='word_1_30' title='bbox 552 971 660 1045; x_wconf 91' lang='lat' dir='ltr'>quern</span> <span class='ocrx_word' id='word_1_31' title='bbox 677 942 847 1045; x_wconf 81' lang='lat' dir='ltr'>nuperum</span> <span class='ocrx_word' id='word_1_32' title='bbox 860 945 1050 1028; x_wconf 87' lang='lat' dir='ltr'>habemus,</span> <span class='ocrx_word' id='word_1_33' title='bbox 1076 948 1139 1018; x_wconf 88' lang='lat' dir='ltr'>vix</span> <span class='ocrx_word' id='word_1_34' title='bbox 1154 968 1231 1020; x_wconf 89' lang='lat' dir='ltr'>ante</span> <span class='ocrx_word' id='word_1_35' title='bbox 1241 968 1409 1022; x_wconf 91' lang='lat' dir='ltr'>trecentos</span> <span class='ocrx_word' id='word_1_36' title='bbox 1420 973 1527 1020; x_wconf 89' lang='lat' dir='ltr'>annos</span> <span class='ocrx_word' id='word_1_37' title='bbox 1541 946 1901 1045; x_wconf 86' lang='lat' dir='ltr'>exploratum,0cea-</span> 
     </span>
    </p>

    <p class='ocr_par' dir='ltr' id='par_1_6' title="bbox 553 1042 1900 1239">
     <span class='ocr_line' id='line_1_6' title="bbox 553 1042 1900 1143; baseline -0.002 -26"><span class='ocrx_word' id='word_1_38' title='bbox 553 1069 619 1117; x_wconf 88' lang='lat' dir='ltr'>nus</span> <span class='ocrx_word' id='word_1_39' title='bbox 635 1042 696 1117; x_wconf 93' lang='lat' dir='ltr'>ille</span> <span class='ocrx_word' id='word_1_40' title='bbox 713 1043 937 1116; x_wconf 88' lang='lat' dir='ltr'>intermedius</span> <span class='ocrx_word' id='word_1_41' title='bbox 955 1066 1133 1141; x_wconf 87' lang='lat' dir='ltr'>nunquam</span> <span class='ocrx_word' id='word_1_42' title='bbox 1146 1045 1268 1117; x_wconf 88' lang='lat' dir='ltr'>tentari</span> <span class='ocrx_word' id='word_1_43' title='bbox 1284 1045 1439 1142; x_wconf 88' lang='lat' dir='ltr'>potuerit</span> <span class='ocrx_word' id='word_1_44' title='bbox 1456 1070 1468 1130; x_wconf 82' lang='lat'>3</span> <span class='ocrx_word' id='word_1_45' title='bbox 1492 1044 1592 1143; x_wconf 92' lang='lat' dir='ltr'>quod</span> <span class='ocrx_word' id='word_1_46' title='bbox 1609 1045 1773 1117; x_wconf 87' lang='lat' dir='ltr'>omnibus</span> <span class='ocrx_word' id='word_1_47' title='bbox 1794 1088 1806 1127; x_wconf 92' lang='lat'>,</span> <span class='ocrx_word' id='word_1_48' title='bbox 1835 1042 1900 1141; x_wconf 92' lang='lat' dir='ltr'>qui</span> 
     </span>
     <span class='ocr_line' id='line_1_7' title="bbox 553 1132 1363 1239; baseline -0.001 -26"><span class='ocrx_word' id='word_1_49' title='bbox 553 1142 738 1239; x_wconf 78' lang='lat' dir='ltr'>navigant,</span> <span class='ocrx_word' id='word_1_50' title='bbox 765 1139 949 1212; x_wconf 91' lang='lat' dir='ltr'>indubium</span> <span class='ocrx_word' id='word_1_51' title='bbox 963 1132 1026 1209; x_wconf 85' lang='lat' dir='ltr'>esse</span> <span class='ocrx_word' id='word_1_52' title='bbox 1039 1135 1197 1212; x_wconf 88' lang='lat' dir='ltr'>adfirmat</span> <span class='ocrx_word' id='word_1_53' title='bbox 1215 1140 1363 1214; x_wconf 76' lang='lat' dir='ltr'>ortelius.</span> 
     </span>
    </p>

    <p class='ocr_par' dir='ltr' id='par_1_7' title="bbox 373 1229 1898 1333">
     <span class='ocr_line' id='line_1_8' title="bbox 373 1229 1898 1333; baseline -0.008 -14"><span class='ocrx_word' id='word_1_54' title='bbox 373 1253 454 1318; x_wconf 77' lang='lat' dir='ltr'>xlx.</span> <span class='ocrx_word' id='word_1_55' title='bbox 476 1254 513 1311; x_wconf 79' lang='lat' dir='ltr'>A·</span> <span class='ocrx_word' id='word_1_56' title='bbox 652 1239 757 1310; x_wconf 85' lang='lat' dir='ltr'><strong>XIX.</strong></span> <span class='ocrx_word' id='word_1_57' title='bbox 787 1242 835 1309; x_wconf 87' lang='lat' dir='ltr'>At</span> <span class='ocrx_word' id='word_1_58' title='bbox 855 1260 926 1308; x_wconf 91' lang='lat' dir='ltr'>non</span> <span class='ocrx_word' id='word_1_59' title='bbox 946 1229 1068 1307; x_wconf 87' lang='lat' dir='ltr'>desunt</span> <span class='ocrx_word' id='word_1_60' title='bbox 1085 1260 1165 1332; x_wconf 83' lang='lat' dir='ltr'>quae</span> <span class='ocrx_word' id='word_1_61' title='bbox 1183 1235 1349 1309; x_wconf 90' lang='lat' dir='ltr'>tollendis</span> <span class='ocrx_word' id='word_1_62' title='bbox 1369 1234 1459 1308; x_wconf 88' lang='lat' dir='ltr'>hisce</span> <span class='ocrx_word' id='word_1_63' title='bbox 1488 1232 1749 1308; x_wconf 89' lang='lat' dir='ltr'>difficultatibus</span> <span class='ocrx_word' id='word_1_64' title='bbox 1771 1257 1898 1333; x_wconf 80' lang='lat' dir='ltr'>magna</span> 
     </span>
    </p>

    <p class='ocr_par' dir='ltr' id='par_1_8' title="bbox 373 1326 1896 1429">
     <span class='ocr_line' id='line_1_9' title="bbox 373 1326 1896 1429; baseline 0 -25"><span class='ocrx_word' id='word_1_65' title='bbox 373 1333 471 1388; x_wconf 62' lang='lat' dir='ltr'>antea</span> <span class='ocrx_word' id='word_1_66' title='bbox 482 1328 633 1407; x_wconf 63' lang='lat' dir='ltr'>swcum</span> <span class='ocrx_word' id='word_1_67' title='bbox 648 1336 721 1406; x_wconf 90' lang='lat' dir='ltr'>veri</span> <span class='ocrx_word' id='word_1_68' title='bbox 738 1328 846 1429; x_wconf 91' lang='lat' dir='ltr'>specie</span> <span class='ocrx_word' id='word_1_69' title='bbox 865 1329 988 1404; x_wconf 79' lang='lat' dir='ltr'>adferri</span> <span class='ocrx_word' id='word_1_70' title='bbox 1003 1326 1162 1428; x_wconf 82' lang='lat' dir='ltr'>possunt3</span> <span class='ocrx_word' id='word_1_71' title='bbox 1186 1335 1224 1404; x_wconf 89' lang='lat'>&amp;</span> <span class='ocrx_word' id='word_1_72' title='bbox 1242 1328 1337 1405; x_wconf 88' lang='lat' dir='ltr'>srvel</span> <span class='ocrx_word' id='word_1_73' title='bbox 1351 1332 1447 1404; x_wconf 90' lang='lat' dir='ltr'>nulla</span> <span class='ocrx_word' id='word_1_74' title='bbox 1467 1333 1568 1405; x_wconf 89' lang='lat' dir='ltr'>nobis</span> <span class='ocrx_word' id='word_1_75' title='bbox 1593 1333 1806 1404; x_wconf 89' lang='lat' dir='ltr'>inveniretur</span> <span class='ocrx_word' id='word_1_76' title='bbox 1825 1333 1896 1414; x_wconf 89' lang='lat' dir='ltr'>via,</span> 
     </span>
    </p>

    <p class='ocr_par' dir='ltr' id='par_1_9' title="bbox 372 1403 1893 1541">
     <span class='ocr_line' id='line_1_10' title="bbox 372 1403 1893 1541; baseline 0.003 -45"><span class='ocrx_word' id='word_1_77' title='bbox 372 1403 498 1541; x_wconf 54' lang='lat' dir='ltr'>ffi&#39;n‘s</span> <span class='ocrx_word' id='word_1_78' title='bbox 554 1428 642 1504; x_wconf 93' lang='lat' dir='ltr'>nihil</span> <span class='ocrx_word' id='word_1_79' title='bbox 663 1451 750 1505; x_wconf 89' lang='lat' dir='ltr'>certe</span> <span class='ocrx_word' id='word_1_80' title='bbox 769 1430 901 1500; x_wconf 89' lang='lat' dir='ltr'>invium</span> <span class='ocrx_word' id='word_1_81' title='bbox 919 1425 966 1498; x_wconf 88' lang='lat' dir='ltr'>est</span> <span class='ocrx_word' id='word_1_82' title='bbox 974 1428 1135 1500; x_wconf 90' lang='lat' dir='ltr'>Numini.</span> <span class='ocrx_word' id='word_1_83' title='bbox 1187 1432 1304 1525; x_wconf 86' lang='lat' dir='ltr'>Atque</span> <span class='ocrx_word' id='word_1_84' title='bbox 1316 1428 1352 1500; x_wconf 93' lang='lat' dir='ltr'>id</span> <span class='ocrx_word' id='word_1_85' title='bbox 1370 1430 1483 1525; x_wconf 91' lang='lat' dir='ltr'>primo</span> <span class='ocrx_word' id='word_1_86' title='bbox 1497 1425 1609 1502; x_wconf 87' lang='lat' dir='ltr'>secure</span> <span class='ocrx_word' id='word_1_87' title='bbox 1619 1428 1724 1502; x_wconf 91' lang='lat' dir='ltr'>nimis</span> <span class='ocrx_word' id='word_1_88' title='bbox 1734 1424 1893 1509; x_wconf 91' lang='lat' dir='ltr'>sumitur,</span> 
     </span>
    </p>

    <p class='ocr_par' dir='ltr' id='par_1_10' title="bbox 371 1501 1897 1625">
     <span class='ocr_line' id='line_1_11' title="bbox 371 1501 1897 1625; baseline -0.002 -27"><span class='ocrx_word' id='word_1_89' title='bbox 371 1501 503 1623; x_wconf 39' lang='lat'>2502·</span> <span class='ocrx_word' id='word_1_90' title='bbox 552 1528 708 1625; x_wconf 88' lang='lat' dir='ltr'>ignotam</span> <span class='ocrx_word' id='word_1_91' title='bbox 733 1526 835 1621; x_wconf 87' lang='lat' dir='ltr'>plane</span> <span class='ocrx_word' id='word_1_92' title='bbox 864 1519 982 1621; x_wconf 80' lang='lat' dir='ltr'>priscis</span> <span class='ocrx_word' id='word_1_93' title='bbox 1011 1522 1217 1596; x_wconf 78' lang='lat' dir='ltr'>mortalibus</span> <span class='ocrx_word' id='word_1_94' title='bbox 1245 1548 1321 1596; x_wconf 87' lang='lat' dir='ltr'>eam</span> <span class='ocrx_word' id='word_1_95' title='bbox 1349 1524 1442 1596; x_wconf 91' lang='lat' dir='ltr'>orbis</span> <span class='ocrx_word' id='word_1_96' title='bbox 1460 1545 1625 1598; x_wconf 88' lang='lat' dir='ltr'>terrarum</span> <span class='ocrx_word' id='word_1_97' title='bbox 1644 1548 1781 1621; x_wconf 89' lang='lat' dir='ltr'>partem</span> <span class='ocrx_word' id='word_1_98' title='bbox 1801 1517 1897 1598; x_wconf 77' lang='lat' dir='ltr'>suillo</span> 
     </span>
    </p>

    <p class='ocr_par' dir='ltr' id='par_1_11' title="bbox 552 1615 1896 1719">
     <span class='ocr_line' id='line_1_12' title="bbox 552 1615 1896 1719; baseline -0.001 -26"><span class='ocrx_word' id='word_1_99' title='bbox 552 1646 660 1719; x_wconf 90' lang='lat' dir='ltr'>quarn</span> <span class='ocrx_word' id='word_1_100' title='bbox 684 1645 774 1694; x_wconf 88' lang='lat' dir='ltr'>nune</span> <span class='ocrx_word' id='word_1_101' title='bbox 790 1620 984 1692; x_wconf 87' lang='lat' dir='ltr'>Americam</span> <span class='ocrx_word' id='word_1_102' title='bbox 1001 1620 1205 1694; x_wconf 91' lang='lat' dir='ltr'>vocitamus.</span> <span class='ocrx_word' id='word_1_103' title='bbox 1257 1625 1356 1694; x_wconf 88' lang='lat' dir='ltr'>Hanc</span> <span class='ocrx_word' id='word_1_104' title='bbox 1376 1621 1467 1691; x_wconf 88' lang='lat' dir='ltr'>enim</span> <span class='ocrx_word' id='word_1_105' title='bbox 1486 1620 1630 1692; x_wconf 86' lang='lat' dir='ltr'>eandem</span> <span class='ocrx_word' id='word_1_106' title='bbox 1642 1615 1708 1691; x_wconf 85' lang='lat' dir='ltr'>esse</span> <span class='ocrx_word' id='word_1_107' title='bbox 1720 1645 1830 1717; x_wconf 86' lang='lat' dir='ltr'>quam</span> <span class='ocrx_word' id='word_1_108' title='bbox 1841 1619 1896 1691; x_wconf 91' lang='lat' dir='ltr'>di·</span> 
     </span>
    </p>

    <p class='ocr_par' dir='ltr' id='par_1_12' title="bbox 550 1713 1892 1807">
     <span class='ocr_line' id='line_1_13' title="bbox 550 1713 1892 1807; baseline 0.001 -15"><span class='ocrx_word' id='word_1_109' title='bbox 550 1720 653 1792; x_wconf 88' lang='lat' dir='ltr'>vinus</span> <span class='ocrx_word' id='word_1_110' title='bbox 677 1717 769 1790; x_wconf 79' lang='lat' dir='ltr'>Plato</span> <span class='ocrx_word' id='word_1_111' title='bbox 790 1722 1064 1799; x_wconf 75' lang='lat' dir='ltr'>Arusurrnru</span> <span class='ocrx_word' id='word_1_112' title='bbox 1094 1716 1217 1799; x_wconf 84' lang='lat' dir='ltr'>dixit,</span> <span class='ocrx_word' id='word_1_113' title='bbox 1253 1713 1397 1789; x_wconf 90' lang='lat' dir='ltr'>insulam</span> <span class='ocrx_word' id='word_1_114' title='bbox 1413 1716 1526 1804; x_wconf 71' lang='lat' dir='ltr'>Africa</span> <span class='ocrx_word' id='word_1_115' title='bbox 1547 1720 1584 1787; x_wconf 92' lang='lat'>&amp;</span> <span class='ocrx_word' id='word_1_116' title='bbox 1608 1714 1686 1805; x_wconf 85' lang='lat' dir='ltr'>Afia</span> <span class='ocrx_word' id='word_1_117' title='bbox 1702 1717 1892 1807; x_wconf 84' lang='lat' dir='ltr'>majorem,</span> 
     </span>
    </p>

    <p class='ocr_par' dir='ltr' id='par_1_13' title="bbox 479 1810 1892 1912">
     <span class='ocr_line' id='line_1_14' title="bbox 479 1810 1892 1912; baseline 0 -28"><span class='ocrx_word' id='word_1_118' title='bbox 479 1829 481 1833; x_wconf 70' lang='lat'>‘</span> <span class='ocrx_word' id='word_1_119' title='bbox 551 1837 729 1912; x_wconf 87' lang='lat' dir='ltr'>quamque</span> <span class='ocrx_word' id='word_1_120' title='bbox 747 1811 791 1883; x_wconf 92' lang='lat' dir='ltr'>ad</span> <span class='ocrx_word' id='word_1_121' title='bbox 811 1812 923 1908; x_wconf 78' lang='lat' dir='ltr'>fauces</span> <span class='ocrx_word' id='word_1_122' title='bbox 936 1815 1095 1888; x_wconf 73' lang='lat' dir='ltr'>Gaditani</span> <span class='ocrx_word' id='word_1_123' title='bbox 1106 1811 1184 1884; x_wconf 90' lang='lat' dir='ltr'>freti</span> <span class='ocrx_word' id='word_1_124' title='bbox 1201 1813 1322 1894; x_wconf 90' lang='lat' dir='ltr'>locat,</span> <span class='ocrx_word' id='word_1_125' title='bbox 1350 1812 1453 1883; x_wconf 90' lang='lat' dir='ltr'>multi</span> <span class='ocrx_word' id='word_1_126' title='bbox 1473 1813 1537 1884; x_wconf 88' lang='lat' dir='ltr'>viri</span> <span class='ocrx_word' id='word_1_127' title='bbox 1557 1812 1650 1884; x_wconf 68' lang='lat' dir='ltr'>dosii</span> <span class='ocrx_word' id='word_1_128' title='bbox 1662 1810 1892 1886; x_wconf 81' lang='lat' dir='ltr'>crediderunt.</span> 
     </span>
    </p>

    <p class='ocr_par' dir='ltr' id='par_1_14' title="bbox 478 1902 1890 2005">
     <span class='ocr_line' id='line_1_15' title="bbox 478 1902 1890 2005; baseline -0.001 -21"><span class='ocrx_word' id='word_1_129' title='bbox 478 1962 482 1970; x_wconf 88' lang='lat'>.</span> <span class='ocrx_word' id='word_1_130' title='bbox 552 1909 795 1984; x_wconf 83' lang='lat' dir='ltr'>Memorabilia</span> <span class='ocrx_word' id='word_1_131' title='bbox 815 1911 863 1982; x_wconf 91' lang='lat' dir='ltr'>im</span> <span class='ocrx_word' id='word_1_132' title='bbox 890 1910 987 1982; x_wconf 90' lang='lat' dir='ltr'>rimis</span> <span class='ocrx_word' id='word_1_133' title='bbox 1003 1902 1111 1990; x_wconf 88' lang='lat' dir='ltr'>sunt,</span> <span class='ocrx_word' id='word_1_134' title='bbox 1137 1932 1218 2005; x_wconf 84' lang='lat' dir='ltr'>quae</span> <span class='ocrx_word' id='word_1_135' title='bbox 1245 1906 1371 2005; x_wconf 79' lang='lat' dir='ltr'>Lipfius</span> <span class='ocrx_word' id='word_1_136' title='bbox 1399 1911 1436 1981; x_wconf 89' lang='lat' dir='ltr'>in</span> <span class='ocrx_word' id='word_1_137' title='bbox 1467 1906 1553 1981; x_wconf 89' lang='lat' dir='ltr'>hanc</span> <span class='ocrx_word' id='word_1_138' title='bbox 1583 1934 1658 1981; x_wconf 92' lang='lat' dir='ltr'>rem</span> <span class='ocrx_word' id='word_1_139' title='bbox 1684 1905 1890 1982; x_wconf 86' lang='lat' dir='ltr'>observavit.</span> 
     </span>
    </p>

    <p class='ocr_par' dir='ltr' id='par_1_15' title="bbox 551 1935 1892 2103">
     <span class='ocr_line' id='line_1_16' title="bbox 551 1935 1892 2103; baseline -0.003 -23"><span class='ocrx_word' id='word_1_140' title='bbox 551 2004 690 2103; x_wconf 76' lang='lat' dir='ltr'>Phyfiol.</span> <span class='ocrx_word' id='word_1_141' title='bbox 704 2010 797 2079; x_wconf 81' lang='lat' dir='ltr'>Stoic.</span> <span class='ocrx_word' id='word_1_142' title='bbox 817 1935 891 2080; x_wconf 72' lang='lat' dir='ltr'>Lis.</span> <span class='ocrx_word' id='word_1_143' title='bbox 910 2028 963 2079; x_wconf 89' lang='lat'>11.</span> <span class='ocrx_word' id='word_1_144' title='bbox 979 2000 1114 2095; x_wconf 65' lang='lat' dir='ltr'>Dillirt.</span> <span class='ocrx_word' id='word_1_145' title='bbox 1135 2029 1222 2079; x_wconf 82' lang='lat' dir='ltr'>xix.</span> <span class='ocrx_word' id='word_1_146' title='bbox 1272 2004 1349 2087; x_wconf 87' lang='lat' dir='ltr'>Est,</span> <span class='ocrx_word' id='word_1_147' title='bbox 1375 2006 1510 2103; x_wconf 89' lang='lat' dir='ltr'>inquit,</span> <span class='ocrx_word' id='word_1_148' title='bbox 1537 2007 1574 2076; x_wconf 88' lang='lat'>&amp;</span> <span class='ocrx_word' id='word_1_149' title='bbox 1594 2007 1630 2076; x_wconf 91' lang='lat' dir='ltr'>in</span> <span class='ocrx_word' id='word_1_150' title='bbox 1647 2005 1793 2078; x_wconf 87' lang='lat' dir='ltr'>Platone</span> <span class='ocrx_word' id='word_1_151' title='bbox 1812 2030 1892 2102; x_wconf 88' lang='lat' dir='ltr'>pro·</span> 
     </span>
    </p>

    <p class='ocr_par' dir='ltr' id='par_1_16' title="bbox 549 2096 1894 2201">
     <span class='ocr_line' id='line_1_17' title="bbox 549 2096 1894 2201; baseline -0.003 -25"><span class='ocrx_word' id='word_1_152' title='bbox 549 2102 639 2176; x_wconf 80' lang='lat' dir='ltr'>secto</span> <span class='ocrx_word' id='word_1_153' title='bbox 658 2105 814 2175; x_wconf 86' lang='lat' dir='ltr'>vetus&amp;</span> <span class='ocrx_word' id='word_1_154' title='bbox 830 2127 909 2174; x_wconf 88' lang='lat' dir='ltr'>vera</span> <span class='ocrx_word' id='word_1_155' title='bbox 927 2101 1095 2176; x_wconf 89' lang='lat' dir='ltr'>memoria</span> <span class='ocrx_word' id='word_1_156' title='bbox 1114 2125 1249 2201; x_wconf 86' lang='lat' dir='ltr'>magnae</span> <span class='ocrx_word' id='word_1_157' title='bbox 1268 2107 1524 2174; x_wconf 75' lang='lat' dir='ltr'>Arrrurrms</span> <span class='ocrx_word' id='word_1_158' title='bbox 1546 2098 1680 2183; x_wconf 82' lang='lat' dir='ltr'>insulae,</span> <span class='ocrx_word' id='word_1_159' title='bbox 1701 2096 1894 2199; x_wconf 86' lang='lat' dir='ltr'>quamAsra</span> 
     </span>
    </p>

    <p class='ocr_par' dir='ltr' id='par_1_17' title="bbox 551 2194 1891 2296">
     <span class='ocr_line' id='line_1_18' title="bbox 551 2194 1891 2296; baseline -0.004 -23"><span class='ocrx_word' id='word_1_160' title='bbox 551 2202 589 2273; x_wconf 76' lang='grc' dir='ltr'>δι</span> <span class='ocrx_word' id='word_1_161' title='bbox 606 2199 719 2273; x_wconf 88' lang='lat' dir='ltr'>Africa</span> <span class='ocrx_word' id='word_1_162' title='bbox 736 2199 942 2296; x_wconf 89' lang='lat' dir='ltr'>ampliorem</span> <span class='ocrx_word' id='word_1_163' title='bbox 961 2194 1101 2272; x_wconf 73' lang='lat' dir='ltr'>scribite</span> <span class='ocrx_word' id='word_1_164' title='bbox 1127 2201 1291 2296; x_wconf 29' lang='lat' dir='ltr'>atque-ita</span> <span class='ocrx_word' id='word_1_165' title='bbox 1308 2196 1486 2279; x_wconf 89' lang='lat' dir='ltr'>describit,</span> <span class='ocrx_word' id='word_1_166' title='bbox 1513 2219 1553 2268; x_wconf 93' lang='lat' dir='ltr'>ut</span> <span class='ocrx_word' id='word_1_167' title='bbox 1570 2197 1654 2269; x_wconf 90' lang='lat' dir='ltr'>mihi</span> <span class='ocrx_word' id='word_1_168' title='bbox 1665 2200 1825 2270; x_wconf 88' lang='lat' dir='ltr'>videatur</span> <span class='ocrx_word' id='word_1_169' title='bbox 1837 2198 1891 2269; x_wconf 92' lang='lat' dir='ltr'>lo-</span> 
     </span>
    </p>

    <p class='ocr_par' dir='ltr' id='par_1_18' title="bbox 551 2290 1890 2392">
     <span class='ocr_line' id='line_1_19' title="bbox 551 2290 1890 2392; baseline -0.003 -22"><span class='ocrx_word' id='word_1_170' title='bbox 551 2321 611 2371; x_wconf 86' lang='lat' dir='ltr'>cus</span> <span class='ocrx_word' id='word_1_171' title='bbox 630 2296 840 2368; x_wconf 90' lang='lat' dir='ltr'>dubitationi</span> <span class='ocrx_word' id='word_1_172' title='bbox 860 2321 930 2369; x_wconf 91' lang='lat' dir='ltr'>non</span> <span class='ocrx_word' id='word_1_173' title='bbox 947 2290 1030 2376; x_wconf 86' lang='lat' dir='ltr'>elle,</span> <span class='ocrx_word' id='word_1_174' title='bbox 1059 2296 1145 2391; x_wconf 89' lang='lat' dir='ltr'>quin</span> <span class='ocrx_word' id='word_1_175' title='bbox 1165 2302 1292 2369; x_wconf 90' lang='lat' dir='ltr'>Novus</span> <span class='ocrx_word' id='word_1_176' title='bbox 1312 2295 1405 2367; x_wconf 89' lang='lat' dir='ltr'>orbis</span> <span class='ocrx_word' id='word_1_177' title='bbox 1424 2320 1502 2392; x_wconf 85' lang='lat' dir='ltr'>pars</span> <span class='ocrx_word' id='word_1_178' title='bbox 1530 2290 1568 2366; x_wconf 84' lang='lat' dir='ltr'>fit</span> <span class='ocrx_word' id='word_1_179' title='bbox 1586 2294 1774 2368; x_wconf 86' lang='lat' dir='ltr'>Platonicae</span> <span class='ocrx_word' id='word_1_180' title='bbox 1796 2293 1890 2367; x_wconf 89' lang='lat' dir='ltr'>illius</span> 
     </span>
    </p>

    <p class='ocr_par' dir='ltr' id='par_1_19' title="bbox 548 2386 1890 2491">
     <span class='ocr_line' id='line_1_20' title="bbox 548 2386 1890 2491; baseline -0.003 -25"><span class='ocrx_word' id='word_1_181' title='bbox 548 2413 660 2467; x_wconf 85' lang='lat' dir='ltr'>terrae.</span> <span class='ocrx_word' id='word_1_182' title='bbox 711 2398 805 2469; x_wconf 91' lang='lat' dir='ltr'>Nam</span> <span class='ocrx_word' id='word_1_183' title='bbox 826 2395 978 2491; x_wconf 91' lang='lat' dir='ltr'>primum</span> <span class='ocrx_word' id='word_1_184' title='bbox 999 2388 1080 2462; x_wconf 88' lang='lat' dir='ltr'>facit</span> <span class='ocrx_word' id='word_1_185' title='bbox 1090 2392 1250 2487; x_wconf 87' lang='lat' dir='ltr'>locatque</span> <span class='ocrx_word' id='word_1_186' title='bbox 1268 2391 1432 2488; x_wconf 87' lang='lat' dir='ltr'>grandem</span> <span class='ocrx_word' id='word_1_187' title='bbox 1448 2390 1545 2462; x_wconf 86' lang='lat' dir='ltr'>illam</span> <span class='ocrx_word' id='word_1_188' title='bbox 1558 2386 1703 2463; x_wconf 88' lang='lat' dir='ltr'>insulam</span> <span class='ocrx_word' id='word_1_189' title='bbox 1716 2390 1763 2463; x_wconf 87' lang='lat' dir='ltr'>ad</span> <span class='ocrx_word' id='word_1_190' title='bbox 1778 2390 1890 2465; x_wconf 82' lang='lat' dir='ltr'>fauces</span> 
     </span>
    </p>

    <p class='ocr_par' dir='ltr' id='par_1_20' title="bbox 551 2483 1893 2608">
     <span class='ocr_line' id='line_1_21' title="bbox 551 2483 1893 2608; baseline -0.001 -46"><span class='ocrx_word' id='word_1_191' title='bbox 551 2490 714 2562; x_wconf 89' lang='lat' dir='ltr'>Gaditani</span> <span class='ocrx_word' id='word_1_192' title='bbox 733 2490 835 2562; x_wconf 91' lang='lat' dir='ltr'>maris</span> <span class='ocrx_word' id='word_1_193' title='bbox 854 2517 864 2563; x_wconf 79' lang='lat' dir='ltr'>r</span> <span class='ocrx_word' id='word_1_194' title='bbox 891 2513 970 2586; x_wconf 87' lang='lat' dir='ltr'>quae</span> <span class='ocrx_word' id='word_1_195' title='bbox 982 2487 1087 2583; x_wconf 90' lang='lat' dir='ltr'>longe</span> <span class='ocrx_word' id='word_1_196' title='bbox 1106 2486 1247 2608; x_wconf 86' lang='lat' dir='ltr'>lateque</span> <span class='ocrx_word' id='word_1_197' title='bbox 1265 2484 1449 2561; x_wconf 90' lang='lat' dir='ltr'>introrsum</span> <span class='ocrx_word' id='word_1_198' title='bbox 1467 2483 1595 2560; x_wconf 91' lang='lat' dir='ltr'>scilicet</span> <span class='ocrx_word' id='word_1_199' title='bbox 1615 2510 1770 2584; x_wconf 87' lang='lat' dir='ltr'>pateret:</span> <span class='ocrx_word' id='word_1_200' title='bbox 1798 2491 1837 2562; x_wconf 87' lang='lat'>&amp;</span> <span class='ocrx_word' id='word_1_201' title='bbox 1850 2510 1893 2560; x_wconf 85' lang='lat' dir='ltr'>ex</span> 
     </span>
    </p>

    <p class='ocr_par' dir='ltr' id='par_1_21' title="bbox 482 2570 1893 2681">
     <span class='ocr_line' id='line_1_22' title="bbox 482 2570 1893 2681; baseline -0.002 -25"><span class='ocrx_word' id='word_1_202' title='bbox 482 2619 483 2622; x_wconf 45' lang='lat'>¹</span> <span class='ocrx_word' id='word_1_203' title='bbox 552 2610 623 2681; x_wconf 82' lang='lat' dir='ltr'>qua</span> <span class='ocrx_word' id='word_1_204' title='bbox 642 2582 721 2657; x_wconf 83' lang='lat' dir='ltr'>esset</span> <span class='ocrx_word' id='word_1_205' title='bbox 738 2586 885 2665; x_wconf 70' lang='grc' dir='ltr'>ἰπίβατον</span> <span class='ocrx_word' id='word_1_206' title='bbox 901 2581 953 2652; x_wconf 76' lang='lat' dir='ltr'>’rari</span> <span class='ocrx_word' id='word_1_207' title='bbox 971 2577 1027 2656; x_wconf 73' lang='lat' dir='ltr'>eric</span> <span class='ocrx_word' id='word_1_208' title='bbox 1048 2581 1147 2654; x_wconf 59' lang='lat' dir='ltr'>aanor</span> <span class='ocrx_word' id='word_1_209' title='bbox 1162 2608 1272 2658; x_wconf 65' lang='lat' dir='ltr'>aunt,</span> <span class='ocrx_word' id='word_1_210' title='bbox 1295 2570 1356 2673; x_wconf 41' lang='lat' dir='ltr'>’cuiq&#39;</span> <span class='ocrx_word' id='word_1_211' title='bbox 1377 2588 1435 2651; x_wconf 72' lang='lat' dir='ltr'>&#39;cciv</span> <span class='ocrx_word' id='word_1_212' title='bbox 1457 2581 1542 2651; x_wconf 74' lang='lat' dir='ltr'>sieut</span> <span class='ocrx_word' id='word_1_213' title='bbox 1564 2584 1615 2651; x_wconf 74' lang='lat' dir='ltr'>’eni</span> <span class='ocrx_word' id='word_1_214' title='bbox 1632 2581 1686 2652; x_wconf 68' lang='lat' dir='ltr'>‘rire</span> <span class='ocrx_word' id='word_1_215' title='bbox 1709 2577 1893 2678; x_wconf 68' lang='grc' dir='ltr'><strong><em>καταπικξῧ</em></strong></span> 
     </span>
    </p>

    <p class='ocr_par' dir='ltr' id='par_1_22' title="bbox 551 2674 1893 2782">
     <span class='ocr_line' id='line_1_23' title="bbox 551 2674 1893 2782; baseline 0.007 -36"><span class='ocrx_word' id='word_1_216' title='bbox 551 2683 655 2747; x_wconf 66' lang='grc' dir='ltr'><strong><em>πᾶσαν</em></strong></span> <span class='ocrx_word' id='word_1_217' title='bbox 671 2678 809 2778; x_wconf 65' lang='grc' dir='ltr'>ἔπειρον,</span> <span class='ocrx_word' id='word_1_218' title='bbox 831 2680 885 2749; x_wconf 74' lang='lat' dir='ltr'>eirv</span> <span class='ocrx_word' id='word_1_219' title='bbox 906 2676 979 2776; x_wconf 65' lang='lat' dir='ltr'>mel</span> <span class='ocrx_word' id='word_1_220' title='bbox 998 2675 1049 2746; x_wconf 73' lang='lat' dir='ltr'>eir</span> <span class='ocrx_word' id='word_1_221' title='bbox 1065 2674 1196 2746; x_wconf 71' lang='grc' dir='ltr'>ἅλκθινὲν</span> <span class='ocrx_word' id='word_1_222' title='bbox 1213 2686 1315 2750; x_wconf 56' lang='lat' dir='ltr'>&#39;rudior</span> <span class='ocrx_word' id='word_1_223' title='bbox 1340 2682 1470 2754; x_wconf 74' lang='grc' dir='ltr'><strong><em>πόντονε</em></strong></span> <span class='ocrx_word' id='word_1_224' title='bbox 1492 2688 1611 2776; x_wconf 61' lang='lat' dir='ltr'>gradus</span> <span class='ocrx_word' id='word_1_225' title='bbox 1626 2675 1839 2782; x_wconf 58' lang='lat' dir='ltr'>tratasttusqioe</span> <span class='ocrx_word' id='word_1_226' title='bbox 1852 2684 1893 2755; x_wconf 76' lang='lat' dir='ltr'>ad</span> 
     </span>
    </p>

    <p class='ocr_par' dir='ltr' id='par_1_23' title="bbox 453 2772 1891 2871">
     <span class='ocr_line' id='line_1_24' title="bbox 453 2772 1891 2871; baseline 0.006 -24"><span class='ocrx_word' id='word_1_227' title='bbox 453 2802 464 2866; x_wconf 43' lang='lat' dir='ltr'>a,</span> <span class='ocrx_word' id='word_1_228' title='bbox 547 2778 631 2849; x_wconf 75' lang='lat' dir='ltr'>alias</span> <span class='ocrx_word' id='word_1_229' title='bbox 648 2775 781 2863; x_wconf 69' lang='lat' dir='ltr'>insidat:</span> <span class='ocrx_word' id='word_1_230' title='bbox 806 2779 981 2871; x_wconf 83' lang='lat' dir='ltr'>iterumque</span> <span class='ocrx_word' id='word_1_231' title='bbox 999 2799 1042 2848; x_wconf 83' lang='lat' dir='ltr'>ex</span> <span class='ocrx_word' id='word_1_232' title='bbox 1058 2772 1120 2854; x_wconf 75' lang='lat' dir='ltr'>iliis</span> <span class='ocrx_word' id='word_1_233' title='bbox 1135 2779 1176 2845; x_wconf 81' lang='lat' dir='ltr'>ad</span> <span class='ocrx_word' id='word_1_234' title='bbox 1192 2774 1359 2871; x_wconf 80' lang='lat' dir='ltr'>oppofitam</span> <span class='ocrx_word' id='word_1_235' title='bbox 1376 2784 1603 2857; x_wconf 79' lang='lat' dir='ltr'>continentem.</span> <span class='ocrx_word' id='word_1_236' title='bbox 1626 2784 1891 2870; x_wconf 72' lang='lat' dir='ltr'>adiacentemma·</span> 
     </span>
    </p>

    <p class='ocr_par' dir='ltr' id='par_1_24' title="bbox 456 2865 1892 2975">
     <span class='ocr_line' id='line_1_25' title="bbox 456 2865 1892 2975; baseline 0.001 -30"><span class='ocrx_word' id='word_1_237' title='bbox 456 2865 459 2879; x_wconf 78' lang='lat'>&#39;</span> <span class='ocrx_word' id='word_1_238' title='bbox 546 2876 581 2946; x_wconf 86' lang='lat' dir='ltr'>ri</span> <span class='ocrx_word' id='word_1_239' title='bbox 620 2875 767 2943; x_wconf 84' lang='lat' dir='ltr'>uodvero</span> <span class='ocrx_word' id='word_1_240' title='bbox 789 2875 912 2942; x_wconf 82' lang='lat' dir='ltr'>nomine</span> <span class='ocrx_word' id='word_1_241' title='bbox 924 2868 969 2957; x_wconf 78' lang='lat' dir='ltr'>stc</span> <span class='ocrx_word' id='word_1_242' title='bbox 989 2869 1187 2962; x_wconf 71' lang='lat' dir='ltr'>appellamur.</span> <span class='ocrx_word' id='word_1_243' title='bbox 1236 2874 1271 2943; x_wconf 89' lang='lat' dir='ltr'>Si</span> <span class='ocrx_word' id='word_1_244' title='bbox 1286 2872 1357 2943; x_wconf 90' lang='lat' dir='ltr'>haec</span> <span class='ocrx_word' id='word_1_245' title='bbox 1378 2870 1564 2947; x_wconf 78' lang='lat' dir='ltr'>consideras</span> <span class='ocrx_word' id='word_1_246' title='bbox 1577 2872 1793 2960; x_wconf 65' lang='lat' dir='ltr'>&amp;scrutaris</span> <span class='ocrx_word' id='word_1_247' title='bbox 1805 2874 1892 2975; x_wconf 93' lang='lat' dir='ltr'>quid</span> 
     </span>
    </p>

    <p class='ocr_par' dir='ltr' id='par_1_25' title="bbox 549 2893 1892 3069">
     <span class='ocr_line' id='line_1_26' title="bbox 549 2893 1892 3069; baseline 0.004 -27"><span class='ocrx_word' id='word_1_248' title='bbox 549 2893 621 3042; x_wconf 70' lang='lat' dir='ltr'>nisi</span> <span class='ocrx_word' id='word_1_249' title='bbox 623 2966 708 3039; x_wconf 87' lang='lat' dir='ltr'>dicit</span> <span class='ocrx_word' id='word_1_250' title='bbox 727 2990 886 3065; x_wconf 88' lang='lat' dir='ltr'>magnam</span> <span class='ocrx_word' id='word_1_251' title='bbox 908 2964 1005 3037; x_wconf 90' lang='lat' dir='ltr'>illam</span> <span class='ocrx_word' id='word_1_252' title='bbox 1024 2961 1119 3037; x_wconf 87' lang='lat' dir='ltr'>fuisse</span> <span class='ocrx_word' id='word_1_253' title='bbox 1137 2961 1283 3040; x_wconf 77' lang='lat' dir='ltr'>ursulam</span> <span class='ocrx_word' id='word_1_254' title='bbox 1306 2968 1417 3041; x_wconf 89' lang='lat' dir='ltr'>statim</span> <span class='ocrx_word' id='word_1_255' title='bbox 1439 2971 1481 3042; x_wconf 90' lang='lat' dir='ltr'>ab</span> <span class='ocrx_word' id='word_1_256' title='bbox 1502 2967 1694 3069; x_wconf 84' lang='lat' dir='ltr'>Hispania,</span> <span class='ocrx_word' id='word_1_257' title='bbox 1721 2976 1785 3047; x_wconf 94' lang='lat' dir='ltr'>ubi</span> <span class='ocrx_word' id='word_1_258' title='bbox 1803 2965 1892 3048; x_wconf 79' lang='lat' dir='ltr'>nuic</span> 
     </span>
    </p>

    <p class='ocr_par' dir='ltr' id='par_1_26' title="bbox 548 3058 1890 3165">
     <span class='ocr_line' id='line_1_27' title="bbox 548 3058 1890 3165; baseline 0.005 -27"><span class='ocrx_word' id='word_1_259' title='bbox 548 3063 706 3162; x_wconf 88' lang='lat' dir='ltr'>reliquiae</span> <span class='ocrx_word' id='word_1_260' title='bbox 725 3065 825 3149; x_wconf 88' lang='lat' dir='ltr'>(nam</span> <span class='ocrx_word' id='word_1_261' title='bbox 843 3062 1011 3136; x_wconf 91' lang='lat' dir='ltr'>illuvione</span> <span class='ocrx_word' id='word_1_262' title='bbox 1028 3058 1155 3158; x_wconf 90' lang='lat' dir='ltr'>periit)</span> <span class='ocrx_word' id='word_1_263' title='bbox 1183 3064 1325 3137; x_wconf 91' lang='lat' dir='ltr'>&amp;velut</span> <span class='ocrx_word' id='word_1_264' title='bbox 1334 3065 1521 3165; x_wconf 86' lang='lat' dir='ltr'>fragmenta</span> <span class='ocrx_word' id='word_1_265' title='bbox 1530 3090 1585 3141; x_wconf 92' lang='lat' dir='ltr'>tot</span> <span class='ocrx_word' id='word_1_266' title='bbox 1597 3065 1785 3144; x_wconf 89' lang='lat' dir='ltr'>insularum</span> <span class='ocrx_word' id='word_1_267' title='bbox 1798 3066 1890 3145; x_wconf 61' lang='lat' dir='ltr'>sunt?</span> 
     </span>
    </p>

    <p class='ocr_par' dir='ltr' id='par_1_27' title="bbox 545 3159 1893 3256">
     <span class='ocr_line' id='line_1_28' title="bbox 545 3159 1893 3256; baseline 0.007 -22"><span class='ocrx_word' id='word_1_268' title='bbox 545 3164 776 3244; x_wconf 68' lang='lat' dir='ltr'>canariam,</span> <span class='ocrx_word' id='word_1_269' title='bbox 798 3163 1073 3241; x_wconf 75' lang='lat' dir='ltr'>fortunatarum,</span> <span class='ocrx_word' id='word_1_270' title='bbox 1096 3159 1134 3231; x_wconf 75' lang='grc' dir='ltr'>δι</span> <span class='ocrx_word' id='word_1_271' title='bbox 1183 3183 1243 3232; x_wconf 87' lang='lat' dir='ltr'>uas</span> <span class='ocrx_word' id='word_1_272' title='bbox 1259 3161 1344 3234; x_wconf 88' lang='lat' dir='ltr'>alias</span> <span class='ocrx_word' id='word_1_273' title='bbox 1357 3185 1432 3236; x_wconf 90' lang='lat' dir='ltr'>tota</span> <span class='ocrx_word' id='word_1_274' title='bbox 1452 3191 1513 3238; x_wconf 86' lang='lat' dir='ltr'>ora</span> <span class='ocrx_word' id='word_1_275' title='bbox 1533 3167 1670 3256; x_wconf 69' lang='lat' dir='ltr'>Africa,</span> <span class='ocrx_word' id='word_1_276' title='bbox 1693 3168 1893 3243; x_wconf 84' lang='lat' dir='ltr'>&amp;interior</span> 
     </span>
    </p>

    <p class='ocr_par' dir='ltr' id='par_1_28' title="bbox 543 3183 1890 3363">
     <span class='ocr_line' id='line_1_29' title="bbox 543 3183 1890 3363; baseline 0.006 -31"><span class='ocrx_word' id='word_1_277' title='bbox 543 3257 661 3332; x_wconf 87' lang='lat' dir='ltr'>lrabet.</span> <span class='ocrx_word' id='word_1_278' title='bbox 711 3259 836 3335; x_wconf 73' lang='lat' dir='ltr'>Exilia</span> <span class='ocrx_word' id='word_1_279' title='bbox 854 3183 1283 3347; x_wconf 59' lang='lat' dir='ltr'>ammanuensium</span> <span class='ocrx_word' id='word_1_280' title='bbox 1300 3261 1428 3348; x_wconf 74' lang='lat' dir='ltr'>insulas.</span> <span class='ocrx_word' id='word_1_281' title='bbox 1477 3267 1603 3350; x_wconf 69' lang='lat' dir='ltr'>Quas?</span> <span class='ocrx_word' id='word_1_282' title='bbox 1628 3288 1682 3337; x_wconf 90' lang='lat' dir='ltr'>eas</span> <span class='ocrx_word' id='word_1_283' title='bbox 1701 3289 1786 3363; x_wconf 82' lang='lat' dir='ltr'>quae</span> <span class='ocrx_word' id='word_1_284' title='bbox 1802 3290 1890 3339; x_wconf 89' lang='lat' dir='ltr'>nunc</span> 
     </span>
    </p>

    <p class='ocr_par' dir='ltr' id='par_1_29' title="bbox 546 3351 1891 3460">
     <span class='ocr_line' id='line_1_30' title="bbox 546 3351 1891 3460; baseline 0.004 -31"><span class='ocrx_word' id='word_1_285' title='bbox 546 3358 649 3429; x_wconf 86' lang='lat' dir='ltr'>etiarn</span> <span class='ocrx_word' id='word_1_286' title='bbox 660 3357 842 3452; x_wconf 77' lang='lat' dir='ltr'>praejacent</span> <span class='ocrx_word' id='word_1_287' title='bbox 859 3354 1070 3434; x_wconf 87' lang='lat' dir='ltr'>continenti,</span> <span class='ocrx_word' id='word_1_288' title='bbox 1098 3351 1239 3439; x_wconf 84' lang='lat' dir='ltr'>Cubam,</span> <span class='ocrx_word' id='word_1_289' title='bbox 1256 3357 1471 3452; x_wconf 57' lang='lat' dir='ltr'>ingeniosam</span> <span class='ocrx_word' id='word_1_290' title='bbox 1490 3413 1501 3439; x_wconf 92' lang='lat'>,</span> <span class='ocrx_word' id='word_1_291' title='bbox 1526 3364 1732 3453; x_wconf 61' lang='lat' dir='ltr'>jammam,</span> <span class='ocrx_word' id='word_1_292' title='bbox 1756 3367 1797 3438; x_wconf 90' lang='lat'>&amp;</span> <span class='ocrx_word' id='word_1_293' title='bbox 1813 3362 1891 3460; x_wconf 87' lang='lat' dir='ltr'>plu-</span> 
     </span>
    </p>

    <p class='ocr_par' dir='ltr' id='par_1_30' title="bbox 543 3450 1888 3545">
     <span class='ocr_line' id='line_1_31' title="bbox 543 3450 1888 3545; baseline 0.007 -20"><span class='ocrx_word' id='word_1_294' title='bbox 543 3478 610 3525; x_wconf 90' lang='lat' dir='ltr'>res.</span> <span class='ocrx_word' id='word_1_295' title='bbox 660 3457 706 3527; x_wconf 78' lang='lat' dir='ltr'>Er</span> <span class='ocrx_word' id='word_1_296' title='bbox 725 3476 767 3525; x_wconf 84' lang='lat' dir='ltr'>ex</span> <span class='ocrx_word' id='word_1_297' title='bbox 784 3450 890 3537; x_wconf 74' lang='lat' dir='ltr'>insalis</span> <span class='ocrx_word' id='word_1_298' title='bbox 901 3453 934 3522; x_wconf 85' lang='lat' dir='ltr'>in</span> <span class='ocrx_word' id='word_1_299' title='bbox 943 3452 1042 3545; x_wconf 76' lang='lat' dir='ltr'>ipsam</span> <span class='ocrx_word' id='word_1_300' title='bbox 1053 3454 1271 3527; x_wconf 85' lang='lat' dir='ltr'>continentem.</span> <span class='ocrx_word' id='word_1_301' title='bbox 1320 3456 1509 3528; x_wconf 84' lang='lat' dir='ltr'>Veriffime.</span> <span class='ocrx_word' id='word_1_302' title='bbox 1545 3461 1669 3530; x_wconf 85' lang='lat' dir='ltr'>Statim</span> <span class='ocrx_word' id='word_1_303' title='bbox 1688 3485 1733 3531; x_wconf 86' lang='lat' dir='ltr'>ex</span> <span class='ocrx_word' id='word_1_304' title='bbox 1748 3460 1823 3533; x_wconf 89' lang='lat' dir='ltr'>illis</span> <span class='ocrx_word' id='word_1_305' title='bbox 1833 3459 1888 3534; x_wconf 93' lang='lat' dir='ltr'>vel</span> 
     </span>
    </p>

    <p class='ocr_par' dir='ltr' id='par_1_31' title="bbox 543 3546 1886 3633">
     <span class='ocr_line' id='line_1_32' title="bbox 543 3546 1886 3633; baseline 0.011 -15"><span class='ocrx_word' id='word_1_306' title='bbox 543 3549 580 3618; x_wconf 90' lang='lat' dir='ltr'>in</span> <span class='ocrx_word' id='word_1_307' title='bbox 598 3557 778 3620; x_wconf 77' lang='lat' dir='ltr'>Peruanmn</span> <span class='ocrx_word' id='word_1_308' title='bbox 795 3546 926 3620; x_wconf 89' lang='lat' dir='ltr'>vastum</span> <span class='ocrx_word' id='word_1_309' title='bbox 954 3550 1118 3628; x_wconf 73' lang='lat' dir='ltr'>traetum,</span> <span class='ocrx_word' id='word_1_310' title='bbox 1144 3547 1203 3619; x_wconf 91' lang='lat' dir='ltr'>vel</span> <span class='ocrx_word' id='word_1_311' title='bbox 1222 3551 1258 3621; x_wconf 91' lang='lat' dir='ltr'>in</span> <span class='ocrx_word' id='word_1_312' title='bbox 1274 3550 1455 3622; x_wconf 89' lang='lat' dir='ltr'>vastiorem</span> <span class='ocrx_word' id='word_1_313' title='bbox 1481 3557 1691 3629; x_wconf 82' lang='lat' dir='ltr'>Mexr‘canum</span> <span class='ocrx_word' id='word_1_314' title='bbox 1718 3550 1886 3633; x_wconf 82' lang='lat' dir='ltr'>transitur.</span> 
     </span>
    </p>

    <p class='ocr_par' dir='ltr' id='par_1_32' title="bbox 543 3638 1888 3738">
     <span class='ocr_line' id='line_1_33' title="bbox 543 3638 1888 3738; baseline 0.008 -22"><span class='ocrx_word' id='word_1_315' title='bbox 543 3643 589 3716; x_wconf 85' lang='lat' dir='ltr'>Et</span> <span class='ocrx_word' id='word_1_316' title='bbox 607 3648 813 3716; x_wconf 73' lang='lat' dir='ltr'>continetiam</span> <span class='ocrx_word' id='word_1_317' title='bbox 832 3642 1007 3738; x_wconf 84' lang='lat' dir='ltr'>appellat,</span> <span class='ocrx_word' id='word_1_318' title='bbox 1036 3639 1094 3715; x_wconf 84' lang='lat' dir='ltr'>etsi</span> <span class='ocrx_word' id='word_1_319' title='bbox 1110 3638 1276 3718; x_wconf 87' lang='lat' dir='ltr'>insulaest</span> <span class='ocrx_word' id='word_1_320' title='bbox 1290 3674 1313 3729; x_wconf 90' lang='lat'>,·</span> <span class='ocrx_word' id='word_1_321' title='bbox 1328 3642 1467 3729; x_wconf 88' lang='lat' dir='ltr'>sedita,</span> <span class='ocrx_word' id='word_1_322' title='bbox 1522 3651 1680 3723; x_wconf 91' lang='lat' dir='ltr'>uomodo</span> <span class='ocrx_word' id='word_1_323' title='bbox 1691 3650 1808 3726; x_wconf 86' lang='lat' dir='ltr'>nostra</span> <span class='ocrx_word' id='word_1_324' title='bbox 1817 3651 1888 3727; x_wconf 83' lang='lat' dir='ltr'>haec</span> 
     </span>
    </p>

    <p class='ocr_par' dir='ltr' id='par_1_33' title="bbox 541 3674 1889 3843">
     <span class='ocr_line' id='line_1_34' title="bbox 541 3674 1889 3843; baseline 0.011 -35"><span class='ocrx_word' id='word_1_325' title='bbox 541 3762 621 3835; x_wconf 87' lang='lat' dir='ltr'>pars</span> <span class='ocrx_word' id='word_1_326' title='bbox 639 3763 659 3809; x_wconf 93' lang='lat' dir='ltr'>a</span> <span class='ocrx_word' id='word_1_327' title='bbox 679 3738 781 3811; x_wconf 89' lang='lat' dir='ltr'>nobis</span> <span class='ocrx_word' id='word_1_328' title='bbox 807 3738 971 3812; x_wconf 86' lang='lat' dir='ltr'>habitata.</span> <span class='ocrx_word' id='word_1_329' title='bbox 1020 3743 1137 3836; x_wconf 86' lang='lat' dir='ltr'>Atque</span> <span class='ocrx_word' id='word_1_330' title='bbox 1162 3737 1236 3814; x_wconf 77' lang='lat' dir='ltr'>haec</span> <span class='ocrx_word' id='word_1_331' title='bbox 1253 3741 1397 3837; x_wconf 90' lang='lat' dir='ltr'>quidem</span> <span class='ocrx_word' id='word_1_332' title='bbox 1425 3674 1531 3843; x_wconf 74' lang='lat' dir='ltr'>Lipsii</span> <span class='ocrx_word' id='word_1_333' title='bbox 1552 3748 1595 3819; x_wconf 91' lang='lat' dir='ltr'>de</span> <span class='ocrx_word' id='word_1_334' title='bbox 1614 3748 1799 3826; x_wconf 63' lang='lat' dir='ltr'>Atlantide</span> <span class='ocrx_word' id='word_1_335' title='bbox 1815 3745 1889 3824; x_wconf 87' lang='lat' dir='ltr'>sen·</span> 
     </span>
    </p>

    <p class='ocr_par' dir='ltr' id='par_1_34' title="bbox 439 3833 1885 3933">
     <span class='ocr_line' id='line_1_35' title="bbox 439 3833 1885 3933; baseline 0.011 -28"><span class='ocrx_word' id='word_1_336' title='bbox 439 3894 441 3896; x_wconf 88' lang='lat'>.</span> <span class='ocrx_word' id='word_1_337' title='bbox 465 3867 467 3872; x_wconf 94' lang='lat'>·</span> <span class='ocrx_word' id='word_1_338' title='bbox 541 3835 649 3906; x_wconf 89' lang='lat' dir='ltr'>tentia</span> <span class='ocrx_word' id='word_1_339' title='bbox 670 3833 728 3907; x_wconf 87' lang='lat' dir='ltr'>est.</span> <span class='ocrx_word' id='word_1_340' title='bbox 779 3841 863 3908; x_wconf 90' lang='lat' dir='ltr'>Non</span> <span class='ocrx_word' id='word_1_341' title='bbox 884 3833 1019 3907; x_wconf 88' lang='lat' dir='ltr'>abludit</span> <span class='ocrx_word' id='word_1_342' title='bbox 1031 3836 1183 3933; x_wconf 88' lang='lat' dir='ltr'>Collega</span> <span class='ocrx_word' id='word_1_343' title='bbox 1194 3835 1304 3910; x_wconf 85' lang='lat' dir='ltr'>noster</span> <span class='ocrx_word' id='word_1_344' title='bbox 1314 3845 1360 3912; x_wconf 91' lang='lat' dir='ltr'>D.</span> <span class='ocrx_word' id='word_1_345' title='bbox 1374 3844 1580 3917; x_wconf 85' lang='lat' dir='ltr'>Lurrsrus.</span> <span class='ocrx_word' id='word_1_346' title='bbox 1608 3849 1723 3919; x_wconf 81' lang='lat' dir='ltr'>Introd</span> <span class='ocrx_word' id='word_1_347' title='bbox 1746 3851 1885 3923; x_wconf 69' lang='lat' dir='ltr'>acceo-</span> 
     </span>
    </p>

    <p class='ocr_par' dir='ltr' id='par_1_35' title="bbox 537 3931 1888 4026">
     <span class='ocr_line' id='line_1_36' title="bbox 537 3931 1888 4026; baseline 0.016 -28"><span class='ocrx_word' id='word_1_348' title='bbox 537 3932 651 4025; x_wconf 79' lang='lat' dir='ltr'>graph.</span> <span class='ocrx_word' id='word_1_349' title='bbox 661 3931 738 4004; x_wconf 69' lang='lat' dir='ltr'>Sela.</span> <span class='ocrx_word' id='word_1_350' title='bbox 755 3957 790 4003; x_wconf 83' lang='lat' dir='ltr'>v.</span> <span class='ocrx_word' id='word_1_351' title='bbox 804 3942 880 4026; x_wconf 86' lang='lat' dir='ltr'>Cap.</span> <span class='ocrx_word' id='word_1_352' title='bbox 893 3955 923 4006; x_wconf 88' lang='lat'>1.</span> <span class='ocrx_word' id='word_1_353' title='bbox 933 3936 1074 4004; x_wconf 83' lang='lat' dir='ltr'>Americ.</span> <span class='ocrx_word' id='word_1_354' title='bbox 1122 3932 1197 4006; x_wconf 91' lang='lat' dir='ltr'>Ubi</span> <span class='ocrx_word' id='word_1_355' title='bbox 1212 3932 1338 4007; x_wconf 85' lang='lat' dir='ltr'>refutat</span> <span class='ocrx_word' id='word_1_356' title='bbox 1350 3936 1576 4021; x_wconf 85' lang='lat' dir='ltr'>Kirclrerum,</span> <span class='ocrx_word' id='word_1_357' title='bbox 1604 3940 1888 4018; x_wconf 88' lang='lat' dir='ltr'>Atlantidemin·</span> 
     </span>
    </p>

    <p class='ocr_par' dir='ltr' id='par_1_36' title="bbox 430 4023 1884 4132">
     <span class='ocr_line' id='line_1_37' title="bbox 430 4023 1884 4132; baseline 0.011 -34"><span class='ocrx_word' id='word_1_358' title='bbox 430 4115 433 4127; x_wconf 37' lang='grc' dir='ltr'>Ι</span> <span class='ocrx_word' id='word_1_359' title='bbox 541 4023 651 4098; x_wconf 89' lang='lat' dir='ltr'>sulam</span> <span class='ocrx_word' id='word_1_360' title='bbox 667 4029 805 4100; x_wconf 89' lang='lat' dir='ltr'>aveteri</span> <span class='ocrx_word' id='word_1_361' title='bbox 821 4032 858 4100; x_wconf 88' lang='lat'>&amp;</span> <span class='ocrx_word' id='word_1_362' title='bbox 879 4053 973 4099; x_wconf 89' lang='lat' dir='ltr'>novo</span> <span class='ocrx_word' id='word_1_363' title='bbox 992 4028 1075 4101; x_wconf 93' lang='lat' dir='ltr'>orbe</span> <span class='ocrx_word' id='word_1_364' title='bbox 1097 4026 1361 4128; x_wconf 81' lang='lat' dir='ltr'>distinguentem</span> <span class='ocrx_word' id='word_1_365' title='bbox 1382 4079 1393 4115; x_wconf 93' lang='lat'>,</span> <span class='ocrx_word' id='word_1_366' title='bbox 1421 4060 1565 4132; x_wconf 91' lang='lat' dir='ltr'>eamque</span> <span class='ocrx_word' id='word_1_367' title='bbox 1592 4037 1828 4113; x_wconf 86' lang='lat' dir='ltr'>collocantem</span> <span class='ocrx_word' id='word_1_368' title='bbox 1849 4042 1884 4114; x_wconf 90' lang='lat' dir='ltr'>in</span> 
     </span>
    </p>

    <p class='ocr_par' dir='ltr' id='par_1_37' title="bbox 540 4123 1885 4232">
     <span class='ocr_line' id='line_1_38' title="bbox 540 4123 1885 4232; baseline 0.013 -37"><span class='ocrx_word' id='word_1_369' title='bbox 540 4123 658 4195; x_wconf 89' lang='lat' dir='ltr'>medio</span> <span class='ocrx_word' id='word_1_370' title='bbox 669 4130 809 4196; x_wconf 91' lang='lat' dir='ltr'>Oceano</span> <span class='ocrx_word' id='word_1_371' title='bbox 828 4124 1029 4199; x_wconf 86' lang='lat' dir='ltr'>Atlantico:</span> <span class='ocrx_word' id='word_1_372' title='bbox 1058 4124 1120 4196; x_wconf 92' lang='lat' dir='ltr'>ubi</span> <span class='ocrx_word' id='word_1_373' title='bbox 1134 4126 1277 4199; x_wconf 90' lang='lat' dir='ltr'>immani</span> <span class='ocrx_word' id='word_1_374' title='bbox 1292 4152 1388 4201; x_wconf 85' lang='lat' dir='ltr'>terrae</span> <span class='ocrx_word' id='word_1_375' title='bbox 1404 4154 1502 4204; x_wconf 92' lang='lat' dir='ltr'>motu</span> <span class='ocrx_word' id='word_1_376' title='bbox 1514 4136 1741 4232; x_wconf 87' lang='lat' dir='ltr'>maximoque</span> <span class='ocrx_word' id='word_1_377' title='bbox 1752 4138 1885 4212; x_wconf 85' lang='lat' dir='ltr'>Oceani</span> 
     </span>
    </p>

    <p class='ocr_par' dir='ltr' id='par_1_38' title="bbox 535 4218 1889 4323">
     <span class='ocr_line' id='line_1_39' title="bbox 535 4218 1889 4323; baseline 0.012 -30"><span class='ocrx_word' id='word_1_378' title='bbox 535 4218 662 4293; x_wconf 87' lang='lat' dir='ltr'>illuvio</span> <span class='ocrx_word' id='word_1_379' title='bbox 683 4219 871 4292; x_wconf 85' lang='lat' dir='ltr'>brevissime</span> <span class='ocrx_word' id='word_1_380' title='bbox 889 4218 1068 4305; x_wconf 85' lang='lat' dir='ltr'>absumta,</span> <span class='ocrx_word' id='word_1_381' title='bbox 1091 4246 1196 4321; x_wconf 85' lang='lat' dir='ltr'>parva</span> <span class='ocrx_word' id='word_1_382' title='bbox 1213 4218 1265 4295; x_wconf 91' lang='lat' dir='ltr'>sui</span> <span class='ocrx_word' id='word_1_383' title='bbox 1284 4224 1421 4323; x_wconf 86' lang='lat' dir='ltr'>vestigia</span> <span class='ocrx_word' id='word_1_384' title='bbox 1444 4229 1481 4299; x_wconf 88' lang='lat' dir='ltr'>irr</span> <span class='ocrx_word' id='word_1_385' title='bbox 1509 4228 1696 4304; x_wconf 88' lang='lat' dir='ltr'>Flandticis</span> <span class='ocrx_word' id='word_1_386' title='bbox 1718 4233 1756 4305; x_wconf 66' lang='grc' dir='ltr'>ὃ(</span> <span class='ocrx_word' id='word_1_387' title='bbox 1772 4238 1889 4308; x_wconf 82' lang='lat' dir='ltr'>Cana·</span> 
     </span>
    </p>

    <p class='ocr_par' dir='ltr' id='par_1_39' title="bbox 535 4312 1884 4413">
     <span class='ocr_line' id='line_1_40' title="bbox 535 4312 1884 4413; baseline 0.01 -24"><span class='ocrx_word' id='word_1_388' title='bbox 535 4318 596 4390; x_wconf 90' lang='lat' dir='ltr'>riis</span> <span class='ocrx_word' id='word_1_389' title='bbox 617 4312 735 4388; x_wconf 89' lang='lat' dir='ltr'>insulis</span> <span class='ocrx_word' id='word_1_390' title='bbox 748 4318 939 4413; x_wconf 87' lang='lat' dir='ltr'>reliquerit.</span> <span class='ocrx_word' id='word_1_391' title='bbox 996 4319 1141 4394; x_wconf 87' lang='lat' dir='ltr'>Resutar</span> <span class='ocrx_word' id='word_1_392' title='bbox 1156 4321 1260 4391; x_wconf 91' lang='lat' dir='ltr'>etiam</span> <span class='ocrx_word' id='word_1_393' title='bbox 1270 4321 1465 4406; x_wconf 86' lang='lat' dir='ltr'>Barlaeum,</span> <span class='ocrx_word' id='word_1_394' title='bbox 1493 4327 1548 4397; x_wconf 86' lang='lat' dir='ltr'>tui</span> <span class='ocrx_word' id='word_1_395' title='bbox 1558 4350 1735 4400; x_wconf 86' lang='lat' dir='ltr'>autumare</span> <span class='ocrx_word' id='word_1_396' title='bbox 1755 4330 1884 4413; x_wconf 89' lang='lat' dir='ltr'>visum,</span> 
     </span>
    </p>

    <p class='ocr_par' dir='ltr' id='par_1_40' title="bbox 534 4412 1882 4525">
     <span class='ocr_line' id='line_1_41' title="bbox 534 4412 1882 4525; baseline 0.008 -36"><span class='ocrx_word' id='word_1_397' title='bbox 534 4433 646 4489; x_wconf 90' lang='lat' dir='ltr'>totam</span> <span class='ocrx_word' id='word_1_398' title='bbox 662 4412 761 4489; x_wconf 85' lang='lat' dir='ltr'>istam</span> <span class='ocrx_word' id='word_1_399' title='bbox 778 4414 933 4489; x_wconf 86' lang='lat' dir='ltr'>Platonis</span> <span class='ocrx_word' id='word_1_400' title='bbox 953 4420 1181 4493; x_wconf 86' lang='lat' dir='ltr'>narrationem</span> <span class='ocrx_word' id='word_1_401' title='bbox 1201 4413 1326 4501; x_wconf 60' lang='lat' dir='ltr'>,avum</span> <span class='ocrx_word' id='word_1_402' title='bbox 1345 4422 1456 4520; x_wconf 85' lang='lat' dir='ltr'>magis</span> <span class='ocrx_word' id='word_1_403' title='bbox 1471 4416 1561 4511; x_wconf 83' lang='lat' dir='ltr'>elie,</span> <span class='ocrx_word' id='word_1_404' title='bbox 1587 4448 1695 4525; x_wconf 87' lang='lat' dir='ltr'>quam</span> <span class='ocrx_word' id='word_1_405' title='bbox 1722 4422 1882 4524; x_wconf 69' lang='grc' dir='ltr'>ἱςομιίιιε</span> 
     </span>
    </p>
   </div>
   <div class='ocr_carea' id='block_1_3' title="bbox 1788 4522 1887 4625">
    <p class='ocr_par' dir='ltr' id='par_1_41' title="bbox 1788 4522 1887 4625">
     <span class='ocr_line' id='line_1_42' title="bbox 1788 4522 1887 4625; baseline 0.02 -29"><span class='ocrx_word' id='word_1_406' title='bbox 1788 4522 1887 4625; x_wconf 87' lang='lat' dir='ltr'>quod</span> 
     </span>
    </p>
   </div>
   <div class='ocr_carea' id='block_1_4' title="bbox 0 0 2338 5442">
    <p class='ocr_par' dir='ltr' id='par_1_42' title="bbox 0 0 2338 5442">
     <span class='ocr_line' id='line_1_43' title="bbox 0 0 2338 5442; baseline 0 5"><span class='ocrx_word' id='word_1_407' title='bbox 0 0 2338 5442; x_wconf 95' lang='lat' dir='ltr'> </span> 
     </span>
    </p>
   </div>
  </div>
 </body>
</html>
