4667 5442
538 474 616 568 De
652 474 849 569 Eunuc.
887 475 944 568 Iu
980 467 1212 567 Anemo.
1248 472 1472 568 Pnnorc.
1599 495 1697 598 349

351 634 466 716 diua,
494 629 555 705 suo
576 633 727 706 instituto
743 634 1018 707 accommodavit
1041 631 1239 730 Apostolus.
1292 637 1398 732 Nego
1424 656 1538 705 tamen
1553 632 1699 708 eandem

352 726 529 828 utriusque
549 728 768 802 latitudinem
790 733 906 803 animo
926 727 986 802 suo
1008 724 1216 826 concepisse,
1244 729 1301 801 vel
1321 728 1432 803 verbis
1446 727 1515 801 istis
1527 731 1698 823 exprime-

352 854 388 900 re
410 819 563 900 voluisse.
614 832 698 901 Non
720 829 811 898 enim
833 853 872 898 ea
891 827 957 899 alle
985 830 1054 898 avit
1073 850 1112 897 ut
1132 849 1371 924 argumentum
1384 850 1456 922 quo
1466 823 1600 922 aliquid
1611 850 1694 919 pro-

353 924 434 996 bare
457 919 606 995 intendit
625 949 636 1007 3
663 917 719 994 sed
741 925 846 995 animi
868 919 918 995 sui
948 852 1148 996 lintentiam
1170 922 1317 1018 eleganti
1348 918 1501 995 sermone
1522 917 1694 1016 exposuit.

353 1022 538 1091 Enimvero
559 1019 703 1089 Davidis
731 1021 842 1091 verbis
866 1022 1005 1100 utitur,
1033 1045 1103 1090 non
1122 1021 1248 1093 citandi
1269 1020 1383 1090 animo
1407 1065 1417 1099 ,
1452 1014 1510 1089 secl
1529 1040 1695 1112 tanquam

354 1112 454 1197 suis,
483 1117 634 1211 ideoque
656 1140 725 1185 non
757 1111 895 1186 nifisuo
925 1114 1019 1188 sensu
1047 1115 1294 1212 intelligendis.
1347 1114 1476 1188 Idcirco
1499 1138 1569 1185 non
1590 1113 1695 1184 debet
1788 1145 1809 1207 s
1910 1179 1912 1182 ,

351 1209 408 1284 hic
427 1213 538 1308 urgeri
559 1212 657 1307 quod
674 1211 791 1282 David
819 1212 861 1282 de
883 1213 969 1285 coelo
986 1214 1103 1293 dixit,
1132 1233 1171 1282 ut
1190 1211 1282 1282 idem
1302 1210 1344 1281 de
1365 1209 1552 1307 Evangelio
1575 1208 1697 1280 eadem
1780 1211 1786 1222 '

353 1331 469 1380 mente
490 1307 632 1380 dicatur.
685 1307 753 1379 sed
782 1304 1063 1381 considerandum
1084 1310 1182 1379 unice
1207 1305 1283 1387 est,
1321 1306 1408 1402 quid
1435 1305 1630 1387 cesserat,
1658 1305 1696 1375 &

354 1428 459 1499 quem
476 1399 606 1474 sensum
627 1429 666 1475 ea
683 1405 786 1476 verba
807 1404 997 1501 Evangelio
1020 1403 1188 1500 applicata
1206 1404 1379 1474 mentibus
1392 1408 1630 1477 Romanorum
1641 1403 1696 1472 in·

350 1524 513 1597 generare
539 1502 725 1593 potuerint.
777 1505 908 1580 Certe,
937 1502 1078 1596 quando
1096 1498 1170 1572 haec
1194 1495 1270 1595 ipsis
1292 1495 1497 1570 scribebatur
1520 1496 1692 1594 Epistola,

352 1621 467 1691 neque
494 1594 619 1667 Paulus
648 1621 761 1690 neque
785 1597 844 1667 alii
865 1596 1021 1691 Apostoli
1041 1592 1254 1691 propositum
1284 1591 1342 1665 srbi
1363 1594 1506 1667 stadium
1528 1592 1694 1687 currendo

351 1692 569 1763 absolverant
592 1720 599 1762 :
628 1717 697 1762 non
715 1718 822 1788 pauca
851 1693 1016 1765 restabant
1037 1715 1222 1788 antequam
1244 1691 1287 1759 ad
1308 1712 1434 1763 metam
1456 1683 1692 1787 pervenissent.

350 1792 471 1883 Atque
494 1786 565 1859 hac
592 1783 664 1860 sola
686 1784 906 1861 consideratio
931 1786 1053 1860 sufficit
1080 1789 1124 1859 ad
1146 1786 1362 1883 probandum
1385 1833 1397 1867 ,
1436 1786 1534 1882 quod
1554 1810 1633 1883 quae
1652 1782 1696 1854 de

349 1884 542 1980 Evangelio
566 1884 610 1954 ad
627 1886 792 1956 terminos
815 1909 911 1957 terrae
929 1888 999 1974 jam
1017 1908 1092 1957 tum
1121 1884 1305 1981 praedicato
1329 1907 1524 1963 narrantur,
1553 1907 1623 1953 non
1647 1880 1696 1950 ita

350 1982 435 2055 citra
454 1982 598 2051 modum
620 2006 657 2051 ac
676 1979 866 2053 mensuram
889 1982 998 2055 ullam
1022 1979 1247 2078 protrahenda
1268 1975 1342 2053 bnt.
1394 1987 1477 2052 Non
1497 1980 1589 2050 enim
1607 1976 1697 2048 ultra

351 2078 519 2148 terminos
540 2099 723 2159 terrarum,
756 2102 850 2150 extra
867 2081 945 2151 anni
963 2074 1111 2174 solisque
1132 2080 1231 2159 vias,
1259 2073 1336 2149 sunt
1356 2100 1403 2149 eae
1420 2076 1589 2174 regiones,
1607 2078 1705 2171 quas

350 2167 592 2271 postscriptam
616 2173 701 2245 banc
722 2175 910 2270 Epistolam
931 2176 1089 2270 Apostoli
1111 2174 1279 2246 adierunt.

450 2273 552 2340 XXI.
580 2278 696 2367 Atque
719 2274 765 2342 ita
785 2297 872 2342 nunc
891 2274 933 2343 iis
951 2272 1099 2343 defuncti
1123 2267 1239 2342 sumus
1261 2266 1461 2343 testimoniis
1487 2294 1565 2365 quae
1584 2290 1628 2337 ex
1646 2259 1692 2338 sa·
1705 2289 1780 2351 xxi.
1802 2283 1854 2345 Re.

351 2364 418 2440 cris
437 2365 577 2464 allegari
600 2364 710 2439 solent
724 2367 974 2440 voluminibus.
1001 2445 1004 2449 Α
1028 2369 1084 2439 Ad
1105 2376 1243 2441 Patrum
1264 2365 1350 2437 dicta
1370 2369 1433 2438 tria
1451 2365 1522 2439 haec
1537 2358 1839 2440 observa-spondetur
1872 2439 1876 2453 ,

349 2463 382 2537 ri
404 2460 522 2534 velim.
575 2470 603 2536 Ι.
629 2464 874 2562 Plerorumpue
899 2467 1004 2537 exiis
1028 2465 1170 2545 stilum,
1198 2489 1262 2559 pro
1282 2465 1385 2558 genio
1407 2459 1539 2542 seculi,
1578 2442 1876 2576 decla-ffimm»

349 2561 560 2639 motorium,
588 2562 880 2657 grandiloquum,
907 2562 1151 2659 ampullatum,
1167 2558 1415 2657 &hyperbolis
1427 2558 1605 2658 turgidum
1616 2545 1692 2636 else,
1725 2540 1733 2573 ⁴
1762 2536 1791 2578 ‘⁸'

350 2656 480 2753 quibus
502 2658 537 2726 in
556 2654 622 2729 hoc
646 2682 788 2753 quoque
817 2660 959 2754 negotio
977 2683 1046 2729 non
1071 2679 1323 2754 pepercerunt,
1361 2658 1506 2752 &quas
1533 2655 1696 2750 iniquum

319 2805 322 2809 »
349 2747 430 2824 cllet
448 2748 512 2822 srne
532 2753 746 2849 indulgentia
766 2754 883 2850 ali‘qua
903 2754 946 2826 ad
966 2756 1014 2826 rei
1036 2757 1215 2826 veritatem
1230 2754 1378 2849 exigere.
1429 2761 1475 2826 II.
1501 2759 1585 2824 Non
1605 2774 1696 2846 prae-

351 2845 418 2923 cise
434 2851 475 2920 iis
483 2858 620 2923 Parrum
635 2850 956 2922 rhetoricationibus
968 2854 1118 2947 exponi,
1148 2851 1235 2946 quid
1248 2851 1289 2922 ab
1299 2845 1375 2945 lpsls
1389 2847 1563 2947 Apostolis
1575 2849 1702 2944 primo.

347 2942 515 3019 nascentis
527 2944 772 3018 Christianismi
786 2944 912 3028 seculo,
927 2970 1004 3019 ante
1016 2943 1127 3019 casum
1145 2943 1305 3019 Hierosol
1333 2972 1420 3028 mae,
1436 2945 1621 3044 praestitum
1633 2941 1693 3027 srt3

344 3042 408 3118 sed
428 3068 507 3140 quae
536 3042 730 3114 labentibus
759 3046 971 3141 temporibus
998 3040 1055 3115 sua
1074 3067 1172 3118 aetate
1193 2972 1349 3115 Ecclesiae
1370 3041 1568 3116 Christianae
1591 3042 1694 3116 facies
1763 3068 1765 3072 ’

343 3140 462 3215 suerit.
515 3144 629 3226 Quam
648 3139 824 3235 Apostolis
846 3144 972 3211 merito
990 3142 1185 3236 imputant:
1213 3141 1342 3235 quippe
1357 3164 1506 3234 quorum
1523 3138 1691 3217 dostrins,
1729 3141 1740 3148 ’

343 3235 480 3333 scriptis
501 3228 763 3332 comprehensa,
793 3239 829 3306 ὃ(
848 3260 867 3305 a
886 3230 1121 3308 successoribus
1139 3235 1320 3330 praedicata
1340 3281 1350 3315 ,
1380 3257 1471 3304 tanta
1484 3259 1597 3304 rerum
1615 3256 1696 3302 mu·

346 3336 437 3405 tatio
458 3333 593 3403 indusla
615 3328 665 3402 srt.
727 3340 788 3403 111.
816 3337 1126 3425 Quantamcunque
1157 3354 1264 3427 regno
1285 3328 1408 3400 Christi
1429 3329 1697 3424 amplitudinem

342 3429 521 3508 tribuant,
549 3452 684 3499 manere
706 3451 818 3500 tamen
836 3425 968 3523 semper
988 3429 1073 3500 intra
1087 3426 1162 3497 noti
1180 3448 1260 3497 tunc
1274 3424 1366 3497 orbis
1380 3427 1563 3497 terminos:
1591 3421 1696 3495 nihil·
1723 3459 1725 3466 ·

375 3551 418 3597 ue
435 3526 579 3595 omnino
598 3524 709 3597 dicere
730 3524 827 3622 quod
848 3523 904 3596 vel
924 3519 1147 3621 suspicionem
1163 3547 1303 3603 earum,
1332 3522 1375 3593 de
1392 3523 1519 3618 quibus
1534 3545 1622 3592 nunc
1637 3520 1694 3592 di·

343 3551 549 3719 siiutamus,
577 3624 758 3716 regionum
782 3622 942 3719 ingerat:
970 3620 1096 3695 idcirco
1121 3646 1165 3697 ex
1188 3618 1350 3693 omnibus
1374 3615 1464 3692 hisce
1487 3616 1693 3693 testimoniis

343 3745 412 3819 pro
435 3716 536 3794 isthac
560 3716 667 3789 caussa
681 3718 797 3791 inferri
818 3718 903 3791 nihil
920 3712 1025 3815 polle.

443 3817 565 3887 XXII.
593 3821 716 3887 Fateor
735 3815 898 3913 equidem
923 3814 1098 3911 praedicati
1119 3834 1173 3884 tot
1192 3815 1353 3911 gentibus
1365 3815 1543 3912 Evangelii
1557 3814 1691 3890 unicam
1705 3826 1817 3889 XXII.

344 3908 411 3985 elle
429 3905 571 3987 caussam
587 3913 825 3986 incredibilem
844 3911 946 3983 illum
968 3913 1037 3982 Dei
1058 3934 1137 4009 erga
1164 3906 1354 3986 humanum
1375 3936 1483 4009 genus
1514 3939 1693 4002 amorem,
1709 3903 1746 3958 Ex
1765 3922 1853 3995 (Μ’,

343 4005 405 4083 sed
425 4032 515 4107 nego
534 4007 583 4080 fas
604 4009 706 4081 nobis
724 4006 786 4081 elle
807 4033 850 4079 ex
867 4004 973 4082 isthoc
1000 4009 1068 4079 Dei
1086 4032 1204 4079 amore
1226 4003 1373 4106 suffragii
1396 4007 1499 4080 nostri
1518 4033 1690 4107 praeroga-
1705 3999 1780 4120 Ὗ
1801 3977 1853 4033 ⁰³⁸

344 4107 419 4180 tiva
437 4107 661 4180 determinare
682 4108 769 4203 quid
781 4100 825 4176 sm
854 4105 920 4181 ulis
930 4104 1091 4200 gentibus
1112 4106 1209 4175 omni
1222 4126 1376 4201 tempore
1389 4104 1543 4202 praestare
1556 4108 1686 4178 debeat.
1702 4074 1723 4206 g
1732 4079 1816 4219 ὦ

343 4207 419 4277 Suo
432 4203 470 4272 id
490 4201 644 4274 relidum
664 4203 805 4275 arbitrio
828 4126 890 4271 irbi
904 4196 1210 4282 reservavitDeus,
1239 4225 1362 4272 eventu
1385 4202 1663 4275 manifestandum
1677 4232 1687 4276 .·
1701 4167 1751 4278 „ln
1771 4224 1835 4279 tien

343 4297 511 4391 μαρτύριον
534 4298 643 4392 καιροῖς
667 4298 758 4372 idl'orc.
789 4298 1021 4371 1.Tlm.11:
1045 4300 1080 4368 6.
1116 4297 1294 4370 Nimirum
1312 4319 1409 4371 totus
1428 4299 1577 4372 mundus
1607 4295 1816 4370 con-’'nf‘ms
1849 4373 1858 4393 .

340 4391 562 4490 demnatiom
570 4394 767 4477 obnoxium
775 4390 844 4474 suis
854 4389 888 4473 se
902 4392 1103 4474 criminibus
1114 4389 1204 4475 fecit.
1248 4397 1303 4477 Ex
1316 4395 1478 4491 ommibus
1491 4391 1688 4477 criminosis,
1701 4376 1770 4509 ff
1787 4392 1873 4455 Μ’·

996 4489 1074 4578 Xx
1099 4508 1119 4584 3
1629 4515 1691 4589 per

1764 4448 1872 4527 rw.
