4667 5442
679 477 790 576 Dr
861 478 1316 574 senriorem
1387 441 1877 602 Deo.,‘77=²

450 645 532 715 mim
557 640 729 729 nostrorum
756 648 858 745 aliqui
873 645 972 745 supra
999 652 1123 722 modum
1146 646 1214 719 illos
1234 646 1430 719 admiramur
1451 667 1487 717 ac
1507 646 1688 742 pradicant.
1739 644 1801 715 Sed

446 737 589 833 profeiir
613 749 731 832 mojore
744 742 896 838 flagitio,
921 771 957 817 ac
973 745 1124 838 dispendio
1142 746 1314 816 veritam,
1342 766 1436 838 quam
1454 759 1552 836 opera
1569 747 1692 835 pretio,
1718 737 1798 822 uliud

451 834 575 908 iliorum
593 842 704 934 dogma
722 838 871 937 prodiiffie
886 843 964 913 mihi
982 845 1109 912 videtur
1131 867 1142 912 .·
1166 863 1264 937 neque
1284 839 1347 910 uda
1369 862 1411 910 ex
1428 842 1603 933 regredior
1617 833 1797 919 &tulliana

443 925 523 1018 fidei
536 958 642 1014 noxa,
665 961 702 1009 ac
802 939 870 1009 ‘cies
894 941 1066 1032 importata
1079 933 1182 1027 fuuffe.
1234 938 1280 1009 Ut
1292 938 1423 1029 perinde
1442 959 1494 1007 eos
1505 933 1615 1025 facere
1623 953 1731 1030 putem
1741 932 1798 1028 qui

451 1027 635 1102 Platonicos
652 955 865 1121 deoiiliitur
882 1087 892 1113 ‚
918 1038 1000 1129 quod
1015 1033 1143 1104 larvam
1157 1029 1357 1127 nescioquam
1370 1028 1797 1125 personarumtriumadum·

454 1122 624 1199 braoerinr
635 1156 647 1215 3
673 1155 709 1201 at
723 1128 751 1218 fi
763 1134 831 1225 quio
840 1139 976 1224 podem,
1003 1132 1046 1202 Ψ
1060 1125 1200 1224 profana
1212 1124 1460 1221 superstitioni,
1486 1127 1699 1223 idolorumque
1719 1122 1794 1196 buc·

449 1225 606 1295 cinatores
629 1224 760 1320 impense
790 1226 939 1298 collaudet
958 1255 973 1307 ;
1019 1229 1101 1337 quod
1125 1228 1158 1295 in
1186 1227 1305 1317 Jove,
1329 1228 1518 1318 Neptuno,
1541 1247 1578 1295 ac
1599 1218 1794 1318 turpioribus

449 1323 548 1390 etiam
568 1324 712 1393 Deorum
724 1327 908 1416 portentis,
932 1323 1109 1393 divinitatio
1134 1339 1288 1417 utcunque
1305 1343 1415 1390 nomen
1441 1316 1692 1416 majestatemque
1714 1341 1794 1391 com·

448 1419 599 1486 mentem.
648 1421 776 1492 Etenim
799 1420 949 1513 quidquid
972 1416 1146 1505 imeseon.
1170 1418 1409 1512 opinionumque
1423 1414 1580 1507 fialsarmn
1603 1418 1713 1511 primic
1733 1415 1794 1486 iidie

448 1508 587 1601 Eccicfra
607 1510 801 1608 temporibm
823 1511 968 1602 cmerfit,
995 1538 1032 1584 ac
1049 1511 1222 1608 presertim
1242 1514 1371 1585 Ariana
1397 1532 1465 1584 tota
1487 1509 1651 1607 perfidia.
1675 1533 1716 1584 ex
1741 1510 1795 1581 ilde

448 1605 685 1681 Platonicorum
698 1606 1008 1700 commentoccuffam
1022 1611 1222 1703 &or'ginem
1233 1607 1469 1704 accepit.Adde
1483 1631 1527 1679 ex
1535 1612 1622 1705 Cap.
1643 1630 1698 1681 11.
1711 1611 1793 1691 §.2-
1886 1645 1893 1658 ·

450 1701 587 1775 Talibus
598 1709 636 1777 de
648 1705 733 1778 Filio
747 1709 813 1778 Dei
820 1703 976 1801 preconiri
987 1708 1185 1779 Arianorum
1192 1703 1287 1777 Philo
1302 1699 1465 1800 perfidiam
1473 1708 1627 1777 annavit.
1677 1711 1794 1800 Neque

448 1798 630 1894 quibusdam
654 1825 671 1874 e
691 1798 829 1884 nostris,
855 1800 892 1873 id
919 1799 965 1873 est
987 1799 1180 1875 Catholicis
1192 1847 1203 1884 ,
1231 1797 1370 1891 assentiri
1387 1798 1528 1897 pofficm,
1553 1805 1608 1899 qui
1623 1803 1666 1876 m
1691 1802 1794 1892 nque.

447 1898 492 1969 d*
505 1896 662 1978 aliorum,
685 1900 823 1969 maxime
843 1898 1048 1979 Gentilium,
1073 1899 1223 1992 ejunuodi
1236 1895 1344 1987 scita,
1368 1903 1486 1994 quode
1510 1900 1640 1973 Divinis
1657 1897 1794 1995 persom'e

446 2012 604 2090 utcunque
619 1994 741 2091 aliquid
761 1998 922 2075 tinniunt,
946 1997 1055 2091 cupide
1080 1993 1323 2083 deosculantur,
1345 2014 1440 2092 atque
1461 1998 1501 2067 ad
1521 1994 1691 2081 Uitelliani
1711 1999 1794 2067 inte·

438 2094 596 2183 gnitatcm
612 2096 764 2184 dogmatis
779 2088 1166 2177 accommodarcsludent,
1192 2087 1263 2178 dade
1280 2094 1365 2164 omni
1380 2094 1517 2172 errario,
1544 2109 1638 2190 atque
1657 2091 1794 2171 invidia,

438 2185 516 2278 fuco
532 2190 665 2283 quodam
672 2183 762 2279 false
780 2212 818 2262 ac
836 2188 984 2262 violenta
1002 2189 1273 2284 interpretationis
1299 2183 1438 2261 oddudiu
1487 2187 1567 2284 Qu
1590 2191 1714 2286 quidem
1732 2210 1797 2261 me·

443 2286 507 2356 rito
524 2286 558 2355 iu
578 2285 689 2357 Photii
714 2282 977 2381 reprehenfmnem
994 2289 1140 2358 incidunt
1161 2313 1174 2353 ε
1210 2287 1316 2357 Codic.
1339 2310 1451 2358 cirne.
1480 2289 1536 2383 qui
1555 2281 1726 2366 nostrorum
1745 2284 1792 2355 ait

444 2380 566 2476 aliquos
581 2406 641 2463 ea,
664 2406 729 2480 qua
743 2382 916 2478 plurimum
932 2380 1046 2467 didam
1062 2385 1105 2456 (t
1119 2376 1287 2455 abhorrent
1303 2427 1314 2463 ,
1338 2386 1417 2455 eniti
1432 2387 1471 2454 ad
1494 2382 1649 2477 religionis
1665 2378 1793 2463 nostre,

446 2500 511 2573 qua
528 2501 720 2575 nequaquam
739 2482 845 2575 indiga
862 2524 874 2561 ,
893 2479 950 2567 sed
961 2479 1030 2567 fola
1044 2476 1167 2569 fruceta
1186 2474 1227 2561 est
1246 2501 1281 2549 ae
1296 2501 1395 2560 oeta,
1418 2478 1715 2574 comprobationem,
1730 2495 1792 2572 per

447 2577 516 2643 vim
542 2573 731 2668 applicare,
757 2599 854 2672 euque
884 2577 1053 2648 conciliare
1079 2600 1148 2648 omn
1172 2571 1304 2658 nostrie,
1329 2601 1350 2646 a
1372 2575 1485 2687 quidm
1508 2580 1605 2671 magio
1642 2570 1793 2665 differunt

443 2694 575 2766 qroama
595 2669 819 2745 lucetmebro.
872 2676 958 2743 Haec
984 2676 1146 2745 Peraniur.
1180 2678 1258 2745 Nec
1271 2672 1407 2744 abludit
1421 2676 1539 2745 Canius
1550 2674 1585 2743 in
1601 2673 1672 2744 vita
1686 2671 1792 2745 Atlra·

444 2763 533 2855 uadi.
548 2765 625 2839 Sem.
641 2772 721 2853 nd.
735 2791 795 2842 vr.
817 2767 877 2840 ubi
888 2769 924 2839 in
939 2769 1101 2841 lemmate
1116 2770 1294 2866 marginali
1307 2768 1425 2842 laudat
1442 2767 1659 2842 clarissimum
1676 2769 1791 2840 virum

441 2866 490 2933 D.
503 2865 709 2945 Cudvuorth,
734 2864 778 2936 de
798 2865 1056 2938 Platonicorum
1068 2867 1217 2938 trinitate
1237 2864 1426 2965 plenissime
1439 2870 1475 2939 &
1493 2865 1680 2940 dostiffime
1693 2858 1794 2939 dille·

440 2982 574 3033 rentem
592 2961 668 3037 Lib.
691 2988 723 3041 ι.
743 2966 781 3036 de
800 2961 925 3059 system.
938 2963 1084 3054 {divers
1096 2972 1172 3059 Cup.
1189 2986 1244 3037 1v.
1254 2983 1286 3061 p.
1306 2980 1389 3054 551.
1404 2965 1475 3039 &n

503 3155 510 3168 ·
540 3061 606 3169 X.¹·
634 3063 669 3133 Si
692 3084 804 3172 meum
822 3059 909 3134 mihi
926 3083 1078 3173 mentem
1092 3086 1266 3176 exponere⁸
1285 3063 1412 3144 liceat,
1441 3053 1484 3131 stc
1497 3055 1645 3174 ‘sentior
1671 3063 1788 3169 Deum
1798 3074 1847 3166 xl:
1864 3068 1954 3167 Qtd·

440 3152 1971 3353 iiiiii1sffniiiisilopsslliiihiiniitiillini*eliit‘lmiilissdilffiiiii?

441 3344 525 3415 dem
545 3366 777 3442 competerent
798 3372 924 3446 opera,
952 3348 1071 3419 eadem
1086 3351 1190 3418 etiam
1211 3349 1390 3420 deberetur
1403 3349 1576 3421 veneratio
1603 3351 1639 3419 δι
1660 3345 1782 3419 cultus.
1795 3298 1957 3436 imam
1978 3385 1983 3390 ·

438 3441 482 3514 ld
500 3437 748 3538 simplieilsimis
762 3438 958 3540 expositum
971 3441 1018 3515 est
1036 3442 1174 3524 verbis,
1205 3438 1288 3515 sicut
1306 3467 1425 3515 eorum
1445 3440 1636 3516 seculorum
1657 3442 1842 3517 ruditasbus
1858 3455 1929 3518 bani,

438 3536 583 3611 ferebat.
636 3538 744 3626 Quod
764 3542 800 3610 &
819 3546 923 3610 tantae
938 3539 1114 3636 dignitatis
1137 3539 1298 3639 mysterio
1320 3542 1672 3628 convenientiffimum
1704 3529 1952 3688 fuitdqdufppqp·

438 3630 558 3723 Ejusce
574 3635 626 3707 rei
641 3634 799 3731 exempla
818 3638 852 3709 in
869 3635 1110 3734 antiqniffimis
1129 3638 1325 3737 Religionis
1342 3634 1464 3710 nostrae
1475 3639 1711 3710 monumentis
1723 3663 1785 3709 ex·
1794 3702 1861 3741 „m
1874 3684 1923 3761 fi·

437 3728 540 3805 stent.
588 3732 795 3804 Patriarchas
826 3757 981 3805 ucetiam
1010 3731 1107 3805 illam
1129 3732 1174 3803 de
1204 3739 1282 3804 Deo
1309 3733 1500 3806 dodrinam
1528 3734 1670 3831 posteris
1695 3730 1782 3816 suis,

436 3850 542 3924 prout
555 3850 675 3899 eontm
691 3850 811 3925 captus
835 3851 925 3910 erat,
954 3829 1137 3927 diligenter
1154 3824 1331 3901 inculcalle
1344 3850 1382 3900 ut
1396 3830 1573 3901 credamus
1586 3827 1682 3918 jubet
1693 3826 1807 3925 ipso·‚

436 3946 515 3995 rum
538 3924 661 4018 pietas.
714 3926 806 3997 Hinc
828 3921 958 3996 semina
985 3948 1055 3996 tam
1082 3920 1308 3997 momentosae
1338 3927 1525 4007 veritatis,
1560 3924 1628 3998 late
1656 3922 1783 4022 sparse,

435 4013 603 4114 quasdam
621 4021 818 4119 germinum
844 4018 984 4092 suorum
1010 4020 1258 4117 pullulationes
1283 4024 1319 4094 in
1341 4023 1383 4095 iis
1405 4046 1549 4120 quoque
1574 4020 1787 4120 reliquerunt

434 4114 660 4280 pedoribus,
688 4139 768 4213 quae
787 4112 978 4214 superstitio
1001 4119 1038 4188 δι
1062 4116 1262 4192 idololatria
1280 4118 1415 4215 pridem
1445 4114 1647 4193 invaserant.
1698 4126 1787 4194 Non

452 4209 524 4281 olet
546 4232 659 4283 autem
677 4210 867 4285 humanum
879 4215 1059 4311 ingenium
1075 4210 1219 4311 simplici
1236 4216 1401 4297 veritate,
1428 4212 1614 4312 praesertim
1632 4217 1668 4288 in
1683 4216 1789 4288 rebus

434 4306 600 4389 Divinis,
629 4300 692 4380 elle
717 4332 948 4383 contentum:
974 4311 1124 4383 maxime
1154 4306 1276 4407 fiquae
1297 4308 1516 4387 abstruoliora
1539 4317 1576 4386 ὃ(
1596 4314 1790 4386 remotiore¹

433 4406 652 4479 acommuni
667 4400 870 4508 sensulolim
883 4407 1034 4484 revelata
1052 4408 1189 4482 fuerint.
1241 4412 1291 4482 Ea
1308 4432 1385 4487 tum
1399 4405 1588 4489 subtilitate
1604 4434 1791 4485 commen·
1905 4487 1909 4494 ,

468 4551 470 4556 -
1004 4561 1006 4566 ,
1133 4508 1170 4578 K
1196 4525 1215 4600 3
1663 4524 1784 4581 torum
