4667 5442
797 322 3242 627 ῃ

1333 697 1490 794 ΒΕ
1565 696 2172 792 PRAEsTANT.
2239 699 2618 794 vem-r.
2687 699 3089 798 Evauc.
3404 703 3605 828 685

903 863 1051 946 {ese
1087 871 1162 946 δε
1199 869 1505 946 alacriter
1553 870 1830 946 obtulit.
1931 873 2042 950 Ut
2077 872 2152 944 δε
2191 895 2318 968 pro
2354 873 2645 970 peccatis
2689 869 2929 945 nostris
2972 872 3299 970 patiendo
3336 897 3601 948 reatum

909 989 1160 1042 eorum
1183 989 1608 1066 expungeret
1641 1015 1664 1052 ,
1718 970 1793 1041 &
1825 993 2104 1041 omnem
2131 967 2450 1058 justitiam
2487 965 2867 1066 praestando
2902 969 3009 1056 jus
3044 968 3249 1042 nobis
3272 971 3361 1042 ad
3386 971 3601 1042 vitam

913 1085 1242 1138 aternam
1281 1066 1688 1162 acquireret.
1785 1065 1922 1138 Sed
1961 1060 2102 1136 fieri
2127 1088 2266 1136 non
2290 1085 2604 1160 poterat,
2648 1085 2726 1136 ut
2744 1085 2967 1136 morte
2988 1109 3011 1146 ,
3058 1089 3265 1162 quam
3296 1067 3605 1139 morien-

911 1159 1016 1233 do
1059 1161 1352 1243 vicerat,
1393 1161 1833 1234 detineretur.
1935 1163 2372 1256 Quapropter
2410 1162 2617 1234 tertio
2654 1184 2697 1230 a
2731 1155 3077 1257 sepultura
3108 1161 3243 1242 die,
3268 1184 3601 1234 tremente

911 1275 1133 1340 terra,
1189 1255 1720 1330 ministrantibus
1745 1256 2070 1354 Angelis,
2126 1254 2549 1352 stupentibus
2586 1259 3019 1330 monumenti
3048 1254 3461 1338 custodibus,
3480 1252 3599 1328 sua

907 1347 1120 1450 ipfius
1158 1353 1412 1426 virtute
1435 1399 1456 1435 ,
1512 1357 1712 1425 vivus
1752 1357 1922 1426 exiit
1946 1399 1968 1434 ‚
2025 1347 2401 1448 gloriosam
2438 1351 2719 1424 indutus
2758 1353 3372 1426 immortalitatem.
3444 1357 3601 1424 Ne-

915 1469 1058 1544 que
1101 1448 1326 1522 voluit
1367 1449 1718 1522 inferiores
1751 1448 1870 1522 has
1897 1448 2136 1520 mundi
2175 1467 2399 1543 partes
2430 1447 2817 1542 relinquere
2852 1493 2875 1530 ,
2932 1444 3051 1520 nisi
3078 1447 3443 1545 postquam
3472 1447 3601 1519 fre-

911 1543 1289 1640 quentibus
1334 1546 1874 1642 apparitionibus
1912 1546 2153 1617 vivum
2193 1540 2259 1614 se
2286 1539 2420 1616 suis
2462 1539 2905 1625 exhibuiffet,
2960 1545 3051 1616 ad
3082 1543 3437 1618 indubiam
3476 1567 3601 1616 ve-

905 1641 1133 1716 ritaris
1170 1641 1820 1716 demonstrationem
1853 1665 1988 1714 una
2023 1665 2180 1714 cum
2221 1641 2307 1714 iis
2341 1639 2677 1737 prandens
2718 1664 3151 1738 coenansque.
3252 1643 3443 1712 Tum
3471 1639 3599 1712 de-

907 1759 1114 1810 mum
1151 1731 1638 1834 aspectantibus
1682 1737 2001 1812 undecim
2031 1734 2381 1833 Apostolis
2405 1781 2427 1819 ,
2479 1735 2688 1831 pleno
2728 1736 2883 1819 die,
2936 1763 3057 1834 per
3084 1734 3395 1810 medium
3416 1744 3591 1818 aii-ra,
3638 1753 3645 1759 ·

907 1833 986 1906 in
1017 1831 1270 1904 coelum
1315 1857 1544 1932 raptus
1583 1832 1740 1920 ests
1791 1835 2009 1906 donec
2063 1834 2516 1904 interveniens
2579 1831 2795 1904 nubes
2846 1831 3174 1906 intensam
3225 1833 3595 1906 oculorum

911 1931 1135 2004 aciem
1171 1928 1396 2028 fregit.
1499 1931 1604 2004 lbi
1642 1955 1804 2003 vero
1842 1926 1908 2002 se
1947 1931 2018 2000 &
2055 1929 2285 2000 vivere
2313 1973 2336 2009 ‚
2391 1931 2699 2024 &regno
2736 1931 2985 2025 potiri,
3031 1923 3283 2010 effuso,
3327 1951 3403 2000 ut
3421 1953 3598 2026 prae-

910 2023 1226 2106 dixerat,
1281 2027 1572 2100 ubertim
1610 2029 1868 2124 Spiritu
1901 2021 2330 2098 manifestum
2370 2023 2555 2098 fecit.
2657 2027 2762 2096 Eo
2796 2027 3056 2122 quippe
3096 2026 3353 2122 Spiritu
3388 2072 3413 2108 ‚
3466 2026 3595 2121 qui

907 2143 1278 2196 momento
1315 2125 1646 2221 temporis
1671 2147 1950 2195 omnem
1978 2121 2236 2218 ingenii
2274 2119 2642 2194 ruditatem
2684 2121 3031 2218 Apostolis
3079 2119 3436 2203 defricuit,
3493 2123 3598 2194 fe·

905 2219 1006 2292 cit
1057 2241 1143 2288 ue
1183 2239 1262 2290 ut
1297 2213 1514 2294 insciti
1546 2218 1864 2292 hactenus
1901 2218 2142 2290 idiotae
2186 2263 2210 2300 ,
2284 2219 2409 2314 qui
2456 2219 2754 2314 patrium
2798 2219 3011 2292 modo
3058 2213 3447 2290 sermonem
3470 2221 3596 2292 vix

899 2243 1369 2388 balbutierant
1397 2361 1422 2396 ‚
1475 2340 1654 2389 nunc
1689 2315 2092 2412 quatumvis
2129 2315 2489 2387 nationum
2526 2312 2782 2410 linguis
2824 2310 3177 2414 magnifica
3220 2317 3357 2386 Dei
3380 2339 3589 2411 opera

897 2405 1238 2508 sapienter
1275 2414 1350 2484 δι
1373 2406 1648 2508 copiose
1685 2409 2155 2508 praedicarent.
2259 2413 2395 2484 Hic
2434 2409 2529 2482 est
2567 2410 2686 2482 ille
2730 2410 2926 2510 Jesus
2977 2435 3193 2508 quem
3238 2409 3595 2506 praestituit

897 2509 1104 2580 Deus
1137 2507 1642 2605 placamentum
1721 2532 1789 2578 er
1825 2504 2032 2578 fidem
2071 2507 2142 2579 in
2180 2503 2503 2602 languine
2536 2501 2738 2603 ipfius
2760 2553 2782 2588 ,
2836 2529 2913 2579 ut
2944 2503 3257 2602 quisquis
3286 2505 3497 2579 credit
3516 2507 3593 2578 in

891 2625 1066 2676 eum
1107 2629 1248 2676 non
1277 2627 1552 2701 pereat,
1597 2533 1716 2677 seg
1745 2601 1992 2674 habeat
2019 2603 2234 2674 vitam
2275 2626 2627 2676 aeternam.
2724 2608 2814 2676 Et
2848 2603 3152 2676 doctrina
3191 2623 3394 2674 tantae
3413 2598 3596 2674 salu-

893 2701 997 2773 tis
1037 2701 1281 2779 nuncia
1303 2745 1325 2780 ,
1379 2725 1460 2772 ea
1491 2700 1773 2774 demum
1801 2699 1892 2772 est
1933 2722 2146 2795 quam
2166 2703 2699 2773 EvANGEmun
2732 2723 3086 2776 vocamus.
3186 2697 3379 2788 Quid
3405 2700 3593 2772 enim

887 2793 1040 2872 hoc
1076 2797 1329 2868 nuncio
1367 2795 1592 2870 laetius
1634 2789 2132 2892 jucundiusque
2194 2797 2590 2892 continge're
2643 2793 2863 2894 potest
2910 2795 3181 2868 homini
3220 2796 3589 2870 criminum

885 2888 1023 2970 fibi
1059 2887 1338 2965 suorum
1383 2889 1654 2968 conscio
1688 2938 1712 2975 ,
1765 2894 2117 2989 anxioque
2149 2888 2387 2966 salutis
2416 2891 2442 2963 ἒ
2493 2897 2768 2968 Laetum
2796 2939 2819 2976 ,
2862 2894 3138 2989 inquies
3162 2937 3187 2973 ‚
3240 2893 3313 2962 &
3344 2892 3592 2979 jucun-

889 2988 1074 3062 dum
1117 2987 1422 3085 profesto
1465 2987 1608 3076 est3
1661 2987 1879 3062 modo
1921 3015 2188 3062 vanum
2223 2985 2304 3062 fit
2333 3033 2359 3072 ,
2414 3013 2499 3062 ne
2554 3014 2639 3060 ue
2678 3012 2819 3062 arte
2844 2983 3144 3063 consutis
3168 2985 3443 3071 fabulis,
3468 3009 3589 3062 ve-

889 3083 1034 3164 luti
1058 3081 1486 3159 somniorum
1522 3083 1802 3160 ludicris
1839 3130 1862 3167 ,
1915 3083 2160 3160 avidus
2195 3086 2468 3160 animus
2502 3015 2906 3182 decipiatur.

1091 3189 1247 3256 Imo
1269 3227 1294 3264 ‚
1331 3181 1618 3279 inquam
1653 3205 1786 3280 ego
1809 3227 1832 3266 ‚
1877 3183 2054 3258 adeo
2081 3207 2323 3258 verum
2362 3179 2495 3265 est,
2542 3182 2714 3255 adeo
2740 3206 3044 3267 certum,
3099 3180 3291 3256 nulla
3310 3205 3391 3256 ut
3406 3183 3591 3255 veri·-

883 3297 1000 3354 tas
1039 3279 1482 3351 Geometrica
1537 3276 1826 3352 solidius
1878 3279 2320 3354 demonstrari
2375 3301 2607 3376 queat.
2708 3281 2927 3368 Quod
2969 3280 3139 3352 dum
3196 3276 3585 3351 firmissimis

877 3373 1270 3454 sationibus
1315 3373 1662 3447 addictum
1703 3398 1789 3444 eo
1814 3420 1837 3456 ,
1893 3401 2030 3447 non
2077 3375 2395 3449 existimo
2450 3373 2625 3448 mihi
2667 3372 2915 3448 neceffe
2960 3371 3088 3446 effe
3133 3421 3158 3456 ,
3210 3396 3289 3445 ut
3330 3377 3583 3446 iterum

885 3470 1448 3546 benevolentiam
1503 3471 2037 3544 attentionemve
2096 3469 2383 3542 vestram
2429 3470 2881 3546 emendicem.
2981 3473 3143 3544 Sive
3188 3472 3377 3543 enim
3440 3463 3585 3565 ipsa

881 3562 1272 3662 discipline
1313 3563 1520 3660 hujus
1556 3571 1973 3639 Domum-A
2028 3562 2445 3664 spectemus,
2486 3561 2621 3637 five
2654 3566 3033 3639 eorundem
3093 3573 3345 3639 INTER
3400 3589 3583 3638 sas:

877 3664 970 3738 δε
1018 3685 1402 3736 κονοιωκ
1445 3687 1602 3739 cum
1647 3687 2036 3754 aurnuns
2081 3685 2681 3736 comannorum
2722 3683 2929 3760 atque
2954 3660 3407 3746 harmoniam,
3446 3655 3587 3734 five

877 3761 1372 3835 Bisa-onan
1427 3757 1677 3833 Christi
1713 3761 1788 3832 &
1819 3757 2261 3834 rerumabeo
2329 3755 2661 3842 estarum,
2712 3754 2847 3833 five
2873 3763 3314 3834 Mmacuta
3350 3757 3438 3830 ad
3457 3755 3583 3830 ha-

877 3879 1048 3936 rum
1083 3851 1670 3930 confirmationem
1711 3877 1968 3954 patrata
2006 3901 2029 3938 ,
2082 3849 2218 3927 five
2259 3779 2563 3948 <fenique
2602 3854 2853 3930 horum
2892 3857 3211 3930 omnium
3260 3879 3583 3930 atrica-

879 3977 1264 4028 οιτΑτΕΜ
1317 3955 1388 4025 in
1415 3952 2006 4049 qualiumcunque
2031 3955 2425 4026 animorum
2465 3956 2893 4027 convictione
2928 3981 2947 4025 ι
3003 3956 3073 4025 in
3100 3948 3581 4051 singulis-qui-

879 4049 1056 4123 dem
1086 4046 1354 4124 seorsim
1395 4045 1674 4130 sumtis,
1727 4051 1949 4146 magis
1995 4069 2225 4122 tamen
2267 4052 2339 4121 in
2378 4049 2705 4123 omnibus
2740 4050 2983 4139 junctis
3022 4094 3047 4133 ‚
3102 4074 3243 4122 non
3272 4049 3579 4126 veritatis

879 4141 1114 4222 solum
1135 4194 1160 4229 ,
1213 4142 1332 4219 sed
1371 4148 1446 4218 ec
1485 4145 1892 4218 Divinitatis
1921 4145 2276 4220 certisfima
2297 4143 2893 4257 deprehendemus
2938 4167 3361 4244 argumenta.

1081 4242 1198 4318 Ad
1227 4248 1640 4316 Donum-a
1679 4241 1968 4339 quidem
2003 4242 2202 4342 quod
2227 4263 2474 4328 attinet
2500 4285 2527 4326 ,
2580 4265 2663 4316 ea
2744 4243 2947 4318 anim
2976 4241 3143 4316 talia
3164 4239 3321 4318 fiant
3356 4264 3575 4318 uteo·
3590 4267 3717 4330 md.
3734 4270 3905 4348 Am,-

871 4347 1042 4418 n'm
1075 4341 1544 4440 cognitionem
1575 4337 1886 4434 aliquam
1929 4335 2278 4414 confirfiun
2315 4359 2525 4436 arque
2548 4339 2699 4412 vaci
2756 4359 2983 4414 antem
3008 4361 3307 4426 anatura
3324 4337 3698 4418 habea-m.
3731 4345 3877 4420 Thes·

871 4459 1084 4518 mus,
1135 4457 1296 4534 qne
1325 4459 1552 4512 tamen
1599 4435 2058 4534 Evangelium
2091 4435 2320 4510 multo
2446 4431 2679 4512 refecit
2696 4433 3113 4512 luculentius
3132 4483 3159 4524 ,
3208 4425 3652 4514 wfimaiusd‘
3688 4423 3893 4517 Μ*

869 4529 1234 4606 mentibus
1293 4531 1658 4606 hominum
1681 4579 1690 4590 .
1717 4527 2100 4642 perfundet.
2199 4531 2322 4608 Un
2377 4555 2416 4604 e
2460 4529 2709 4606 factum
2744 4577 2771 4614 ,
2830 4553 2911 4608 ut
2946 4529 3209 4610 nuntii
3250 4557 3339 4608 ex
3374 4531 3573 4610 libris
3586 4501 3785 4576 ⁵⁶4⁸·

861 4621 1462 4732 Philosophorum
1477 4673 1508 4720 ,
1559 4629 1641 4706 δι
1659 4649 1980 4706 nmmum
2019 4621 2845 4822 populgttuqa'cqnscnfi,
2886 4629 2967 4720 ὃς
2996 4629 3151 4734 ipso
3176 4625 3577 4804 Μαῖρα-,ξιξ
