4667 5442
904 687 912 696 ⁸
988 717 1189 826 688
1646 711 2084 803 Ona-rto
2158 708 2512 804 Inane.
2583 707 3108 811 Tumor.

990 875 1169 956 sunt.
1224 871 1604 957 Addamus,
1633 895 1673 946 a
1705 876 1863 944 Deo
1897 866 2117 970 ipsum
2146 865 2462 971 accepisse
2485 871 2826 971 quicquid
2843 876 3099 949 rituum
3123 869 3680 950 cerimoniarum-i

992 1003 1133 1075 que
1174 971 1487 1048 Israelitis
1524 969 1807 1046 tradidit
1833 1014 1855 1049 ,
1909 969 2107 1065 quod
2144 968 2646 1043 Aaronidarum
2684 996 2825 1043 non
2863 968 3020 1044 satis
3053 995 3142 1044 ex
3217 967 3568 1069 raescripto
3591 971 3680 1044 fa-

995 1075 1322 1149 cientium
1347 1067 1547 1167 prodi
1598 1059 1739 1138 iosa
1782 1089 1967 1138 mors
1992 1110 2014 1145 2
2070 1067 2147 1136 &
2186 1070 2432 1149 Corae,
2485 1066 2821 1139 Dathanis
2858 1089 3064 1165 atque
3105 995 3426 1140 Abirami
3461 1089 3676 1142 contra

994 1170 1416 1268 litigantium
1460 1161 1546 1238 foe
1600 1187 1681 1234 us
1716 1157 2245 1257 tremendusque
2289 1164 2513 1236 exitus
2552 1209 2575 1245 ,
2629 1187 2710 1235 ut
2747 1187 2981 1236 caetera
3029 1187 3294 1236 taceam
3335 1210 3360 1246 ,
3417 1162 3676 1236 abunde

992 1262 1467 1360 comprobant.
1564 1257 1699 1334 Sed
1728 1261 1802 1330 &
1837 1255 1913 1328 id
1950 1257 2272 1345 jaciamus
2317 1285 2338 1334 ε
2390 1253 2588 1330 inesse
2611 1260 2870 1333 statutis
2889 1259 3026 1332 illis
3048 1256 3452 1357 sapientiam
3484 1261 3676 1332 rario-

990 1384 1291 1458 nemque
1333 1363 1490 1431 Deo
1522 1356 1842 1454 dignam:
1892 1377 2118 1449 neque
2154 1356 2338 1428 enim
2368 1350 2718 1427 summum
2752 1361 3032 1428 Numen
3071 1356 3364 1430 ludicris
3395 1357 3670 1451 quibus-

994 1459 1159 1530 dam
1200 1480 1274 1528 ac
1312 1449 1589 1526 scenicis
1630 1446 1762 1523 fine
1800 1471 2030 1522 mente
2071 1452 2409 1524 exercitiis
2513 1451 2803 1548 opulum
2841 1447 3036 1525 suum
3081 1453 3370 1551 fatigare
3402 1445 3670 1526 voluiss'e

999 1551 1325 1630 credibile
1360 1548 1477 1621 est.
1583 1552 1741 1619 Hoc
1777 1545 2052 1618 tandem
2078 1541 2364 1620 fidenter
2395 1475 2688 1620 assBevero
2713 1595 2735 1630 ,
2791 1573 2930 1621 non
2981 1547 3167 1644 polle
3212 1573 3464 1622 eorum
3497 1573 3674 1622 com-

998 1649 1283 1726 modam
1334 1667 1700 1741 aptamque
1745 1643 2078 1714 rationem
2121 1645 2409 1716 inveniri
2449 1690 2472 1727 ‚
2529 1640 2648 1716 nifi
2683 1645 2947 1717 umbrae
2990 1645 3369 1718 statuantur
3415 1641 3542 1718 ess'e
3577 1669 3672 1716 ea-

998 1771 1157 1822 rum
1182 1766 1409 1815 rerum
1451 1764 1738 1836 quarum
1770 1762 2015 1833 corpus
2051 1738 2370 1835 panditur
2410 1743 2480 1813 in
2517 1740 2918 1837 Evangelio.
3022 1743 3410 1816 Veniamus
3444 1743 3516 1814 in
3551 1764 3674 1815 rem

998 1834 1422 1942 praesentem.
1525 1840 1953 1906 Concurrant
1989 1858 2227 1906 omnes
2266 1836 2517 1908 novitii
2575 1838 3032 1910 Hebraeorum
3069 1837 3394 1936 Magistri
3435 1865 3460 1926 3
3507 1859 3674 1912 acce·

1000 1940 1123 2012 dat
1151 1932 1291 2031 ipse
1316 1927 1550 2003 Moses
1590 1934 2013 2004 Maimonius
2048 1975 2071 2013 ,
2176 1933 2248 2002 ui
2292 1931 2435 2005 fato
2487 1934 2798 2030 quodam
2844 1958 2919 2005 ac
2957 1929 3138 2006 sorte
3191 1931 3510 2012 nascendi
3551 1933 3670 2032 pri·

998 2059 1157 2109 mus
1194 2024 1507 2125 solusque
1547 2030 1619 2098 in
1660 2052 1737 2098 ea
1770 2049 1974 2124 gente
2013 2028 2152 2099 inte
2182 2024 2416 2102 lexiffe
2451 2027 2739 2114 dicitur,
2794 2030 2967 2129 quid
3005 2027 3085 2103 sit
3117 2029 3293 2114 hoc,
3337 2057 3478 2106 non
3495 2053 3668 2202 1112).-

994 2133 1171 2215 tire3
1220 2126 1575 2198 intendant
1608 2147 1850 2196 omnes
1892 2123 2147 2220 ingenii
2188 2151 2486 2212 nervos3
2536 2151 2778 2200 omnes
2821 2129 3172 2200 excutiant
3207 2127 3552 2204 industrie

1006 2226 1411 2320 cundiaeque
1460 2218 1595 2294 suae
1629 2218 1901 2293 loculos
1945 2246 1963 2293 t
2030 2217 2204 2292 nihil
2239 2223 2309 2293 in
2349 2223 2754 2319 affignandis
2786 2219 3256 2296 Mosaicorum
3299 2227 3554 2298 rituum
3577 2247 3666 2298 ra·

1006 2320 1317 2397 tionibus
1360 2344 1448 2390 ex
1483 2310 1973 2414 hypothesibus
2006 2313 2141 2386 suis
2181 2318 2560 2390 extundent
2598 2320 2797 2415 quod
2833 2343 2972 2392 non
3008 2321 3272 2392 Hibera
3313 2323 3477 2394 nive
3499 2319 3664 2418 frigi-

1004 2419 1240 2534 gidius
1282 2411 1384 2489 fit.
1485 2415 1775 2486 Librum
1819 2405 2206 2508 composuit
2238 2416 2298 2485 is
2354 2441 2564 2512 quem
2607 2415 2826 2487 modo
2881 2415 3162 2488 laudavi
3219 2417 3664 2490 Maimonius=

1006 2543 1077 2590 m
1125 2539 1211 2586 eo
1235 2507 1300 2584 se
1340 2516 1717 2586 Doctorem
1751 2507 2242 2606 perplexorum
2268 2505 2394 2582 effe
2426 2511 2797 2609 gloriatur.-
2847 2509 3025 2587 hunc
3049 2515 3277 2594 enim,
3327 2512 3402 2584 su
3455 2513 3664 2586 erbum

1006 2611 1167 2690 satis
1194 2657 1217 2693 ‚
1272 2609 1453 2681 libro
1493 2605 1778 2680 titulum
1807 2603 1989 2680 fecit.
2092 2610 2324 2703 Atque
2367 2608 2442 2680 id
2467 2607 2886 2706 potissimum
2929 2611 3072 2708 agit
3113 2633 3193 2682 ut
3233 2539 3661 2684 MosXicarum

1006 2709 1247 2806 legum
1283 2700 1527 2780 caussas
1565 2701 1947 2802 investiget.
2048 2709 2301 2800 Neque
2323 2705 2754 2779 diffitendum
2779 2703 2914 2786 est,
2971 2709 3144 2803 quin
3165 2731 3522 2782 occurrant
3537 2701 3663 2778 sub-

1008 2808 1170 2880 inde
1216 2801 1546 2875 nonnulla
1639 2826 1741 2872 uae
1770 2796 1999 2897 legiss‘e
2023 2797 2189 2871 haut
2233 2803 2488 2900 pigeat.
2590 2802 2737 2878 Ubi
2781 2823 3004 2875 tamen
3045 2828 3128 2874 eo
3163 2804 3534 2878 deventum
3559 2800 3657 2884 est,

1007 2924 1089 2974 ut
1124 2921 1553 2972 externarum
1583 2826 1856 2970 illarum
1881 2898 2412 2971 cerimoniarum
2446 2900 2663 2971 arcani
2685 2895 3087 2995 fignificatus
3113 2901 3506 2998 explicandi
3523 2895 3662 2971 sinti

1014 2998 1153 3070 dici
1187 3019 1323 3067 non
1366 2993 1585 3088 potest
1608 3018 1817 3088 quam
1861 2990 1999 3088 ipse
2035 2991 2147 3067 hic
2184 3000 2445 3068 DoCtor
2492 2994 2859 3092 perplexus
2893 2995 3188 3079 haereat,
3243 3003 3324 3072 &
3368 3000 3438 3070 in
3477 3019 3658 3108 quam

1009 3091 1246 3166 futiles
1277 3091 1527 3161 naenias
1565 3111 1713 3160 tota
1737 3083 1940 3184 ipfius
1962 3111 2158 3160 exeat
2193 3095 2710 3166 commentatio.
2813 3097 3071 3165 verum
3096 3089 3146 3166 si
3181 3095 3536 3194 Evangelii
3551 3116 3659 3165 no-

1008 3189 1121 3265 stri
1154 3187 1280 3260 lux
1306 3181 1639 3258 accefferit
1666 3231 1690 3270 ‚
1744 3207 1899 3256 tum
1947 3185 2231 3261 demum
2273 3189 2538 3285 patebit
2571 3237 2596 3272 ‚
2652 3191 2882 3262 omnia
2915 3189 3031 3262 ista
3077 3192 3372 3285 picturas
3407 3187 3662 3289 figuras-

1006 3311 1147 3386 que
1182 3279 1307 3356 effe
1330 3328 1353 3364 ,
1406 3277 1669 3354 summa
1706 3305 1848 3355 arte
1894 3309 1933 3355 a
1966 3283 2225 3379 Spiritu
2256 3289 2394 3358 Dei
2426 3285 2800 3359 elaboratas
2839 3331 2862 3369 ,
2916 3285 3006 3359 ad
3041 3290 3356 3362 Messiam
3381 3331 3404 3367 ‚
3455 3285 3664 3358 illius·

1064 3406 1152 3454 ue
1183 3381 1458 3461 officia„
1513 3381 1586 3451 &
1624 3375 1951 3452 beneficia
1988 3426 2011 3463 ,
2065 3380 2333 3478 populo
2393 3377 3033 3479 repraesentandum.
3161 3389 3336 3460 Haec
3381 3381 3666 3455 doctrina

1010 3409 1221 3558 navis
1246 3474 1539 3553 stientiae
1571 3475 1663 3550 est
1698 3524 1723 3559 ‚
1778 3502 1917 3588 qua
1954 3479 2185 3551 abdita
2216 3475 2360 3552 fieri
2403 3503 2541 3552 non
2586 3477 2802 3575 potest
2841 3481 3011 3576 quin
3058 3479 3282 3556 Mosls
3315 3474 3666 3652 Propheta-

1008 3598 1311 3673 rumque
1348 3577 1819 3686 commentarii
1860 3573 2230 3648 craffiss'ima
2270 3576 2495 3672 caligo
2539 3570 2662 3647 sint
2711 3603 2730 3647 ε
2806 3600 2883 3647 ea
2924 3597 3156 3649 autem
3215 3581 3348 3652 rite
3383 3602 3432 3651 u
3459 3599 3502 3647 u
3579 3597 3668 3650 ata

1011 3671 1351 3845 afflat?
1400 3669 2595 3865 ffifzzfflssfssuzegsssissztzffsffl
2617 3667 3502 3868 mazaram
3531 3695 3664 3846 εἰς.

1010 3865 1247 3938 aulaeis
1282 3861 1421 3936 suis
1455 3870 1529 3938 &
1584 3857 1901 3937 asseribus
1938 3859 2377 3961 discretisque
2415 3866 2856 3961 receptaculis
2897 3893 2920 3953 3
2996 3867 3172 3964 quid
3213 3869 3434 3944 altare
3469 3917 3493 3956 ,
3539 3889 3660 3942 tam

1007 3985 1275 4034 aeneum
1298 3959 1851 4033 holocaustorum
1871 4004 1895 4042 ‚
1948 3982 2159 4056 quam
2184 3983 2465 4032 aureum
2480 3955 2740 4034 suffitus
2762 3989 2785 4049 3
2834 3963 3008 4059 quid
3031 3965 3520 4040 candelabrum
3531 3985 3666 4040 cum

1014 4053 1275 4155 septem
1308 4052 1446 4129 suis
1490 4056 1977 4151 lampadibus;
2026 4056 2202 4153 quid
2242 4052 2471 4128 mensa
2510 4081 2712 4131 aurea
2747 4083 2904 4132 cum
2994 4060 3240 4135 anibus
3277 4060 3668 4163 propositio·

1012 4155 1165 4321 ἓίες
1213 4153 1389 4251 quid
1419 4151 1898 4322 Arcasfoedfflss
1936 4175 2094 4225 cum
2120 4155 2603 4322 propitiatorig
2626 4159 2700 4326 gs*
2720 4154 2952 4322 Chgru
3003 4158 3136 4230 inis
3161 4183 3200 4271 3·
3240 4163 3426 4258 quid
3461 4159 3670 4236 Ponti·

1012 4271 2378 4458 aii'ss‘ffirffisses}⁰quffl211iss⁹}ffc¹¹ae'
2393 4273 2607 4434 ,3εέ
2655 4257 3668 4454 εἶσᾷυἷὲζᾶῑὲἓέῃῑξῧὲῗῗῗὲ

1010 4437 1279 4546 ligione
1320 4441 1623 4516 Mosaica
1676 4439 2303 4543 ffieroglyplucum
2353 4442 2446 4517 est
2479 4490 2502 4526 ‚
2567 4441 2928 4544 significare
2987 4445 3308 4524 Ecclesiae
3355 4449 3664 4524 debuerit.

1012 4541 1187 4628 Qio
1218 4539 1419 4636 paeto
1447 4557 1679 4612 autem
1712 4539 1789 4611 id
1818 4564 1961 4614 non
1999 4563 2279 4640 verum,
2334 4563 2475 4614 non
2513 4543 2850 4616 Divinum
2885 4537 3016 4616 efl'e
3049 4545 3330 4642 potest,
3379 4543 3512 4622 fine
3543 4563 3668 4642 quo

1008 4629 1227 4742 prisca
1254 4631 1381 4710 ina
1416 4629 1719 4712 instituta
1736 4657 1863 4716 nec
1880 4637 2241 4720 veritatem
2256 4633 2510 4714 habent
2527 4660 2654 4714 nec
2675 4634 3124 4742 sapientiam5
3171 4643 3516 4746 quodque
3531 4661 3662 4716 cum

3463 4735 3664 4844 ⁶8⁸¹ss
