<?xml version="1.0" encoding="UTF-8"?>
<!DOCTYPE html PUBLIC "-//W3C//DTD XHTML 1.0 Transitional//EN"
    "http://www.w3.org/TR/xhtml1/DTD/xhtml1-transitional.dtd">
<html xmlns="http://www.w3.org/1999/xhtml" xml:lang="en" lang="en">
 <head>
  <title>
</title>
<meta http-equiv="Content-Type" content="text/html;charset=utf-8" />
  <meta name='ocr-system' content='tesseract 3.04.00' />
  <meta name='ocr-capabilities' content='ocr_page ocr_carea ocr_par ocr_line ocrx_word'/>
</head>
<body>
  <div class='ocr_page' id='page_1' title='image "./hermanniwitsiim01witsgoog/hermanniwitsiim01witsgoog_0373.png"; bbox 0 0 4667 5442; ppageno 0'>
   <div class='ocr_carea' id='block_1_1' title="bbox 578 363 1717 581">
    <p class='ocr_par' dir='ltr' id='par_1_1' title="bbox 578 363 1717 581">
     <span class='ocr_line' id='line_1_1' title="bbox 578 363 1717 581; baseline -0.011 -25"><span class='ocrx_word' id='word_1_1' title='bbox 578 367 678 581; x_wconf 53' lang='lat'>{50</span> <span class='ocrx_word' id='word_1_2' title='bbox 808 363 1717 544; x_wconf 31' lang='lat' dir='ltr'>&#39;ExancrrarroXIlL</span> 
     </span>
    </p>
   </div>
   <div class='ocr_carea' id='block_1_2' title="bbox 390 609 1932 4410">
    <p class='ocr_par' dir='ltr' id='par_1_2' title="bbox 390 609 1932 4410">
     <span class='ocr_line' id='line_1_2' title="bbox 390 609 1915 720; baseline -0.005 -27"><span class='ocrx_word' id='word_1_3' title='bbox 390 634 516 715; x_wconf 63' lang='lat' dir='ltr'>gairum</span> <span class='ocrx_word' id='word_1_4' title='bbox 571 646 633 720; x_wconf 92' lang='lat' dir='ltr'>per</span> <span class='ocrx_word' id='word_1_5' title='bbox 657 611 863 700; x_wconf 82' lang='lat' dir='ltr'>Christum,</span> <span class='ocrx_word' id='word_1_6' title='bbox 891 620 927 691; x_wconf 92' lang='lat'><strong>&amp;</strong></span> <span class='ocrx_word' id='word_1_7' title='bbox 950 613 1054 688; x_wconf 87' lang='lat' dir='ltr'>fidem</span> <span class='ocrx_word' id='word_1_8' title='bbox 1074 615 1265 716; x_wconf 89' lang='lat' dir='ltr'>Evangelio</span> <span class='ocrx_word' id='word_1_9' title='bbox 1302 615 1478 701; x_wconf 80' lang='lat' dir='ltr'>habitam,</span> <span class='ocrx_word' id='word_1_10' title='bbox 1511 609 1641 690; x_wconf 87' lang='lat' dir='ltr'>servare</span> <span class='ocrx_word' id='word_1_11' title='bbox 1667 621 1747 690; x_wconf 83' lang='lat' dir='ltr'>Deo</span> <span class='ocrx_word' id='word_1_12' title='bbox 1767 613 1915 714; x_wconf 84' lang='lat' dir='ltr'>placuit,</span> 
     </span>
     <span class='ocr_line' id='line_1_3' title="bbox 392 710 1919 815; baseline -0.007 -22"><span class='ocrx_word' id='word_1_13' title='bbox 392 713 534 807; x_wconf 62' lang='lat' dir='ltr'>predicari</span> <span class='ocrx_word' id='word_1_14' title='bbox 573 743 665 815; x_wconf 92' lang='lat' dir='ltr'>quos</span> <span class='ocrx_word' id='word_1_15' title='bbox 686 741 730 793; x_wconf 84' lang='lat' dir='ltr'>ex</span> <span class='ocrx_word' id='word_1_16' title='bbox 751 718 877 789; x_wconf 66' lang='lat' dir='ltr'>cunetis</span> <span class='ocrx_word' id='word_1_17' title='bbox 908 713 1105 786; x_wconf 90' lang='lat' dir='ltr'>nationibus</span> <span class='ocrx_word' id='word_1_18' title='bbox 1134 718 1171 786; x_wconf 74' lang='grc' dir='ltr'>δε</span> <span class='ocrx_word' id='word_1_19' title='bbox 1194 716 1323 812; x_wconf 86' lang='lat' dir='ltr'>linguis</span> <span class='ocrx_word' id='word_1_20' title='bbox 1345 714 1436 788; x_wconf 92' lang='lat' dir='ltr'>libro</span> <span class='ocrx_word' id='word_1_21' title='bbox 1458 719 1541 787; x_wconf 86' lang='lat' dir='ltr'>vitae</span> <span class='ocrx_word' id='word_1_22' title='bbox 1561 710 1750 814; x_wconf 77' lang='lat' dir='ltr'>inscripsit,</span> <span class='ocrx_word' id='word_1_23' title='bbox 1779 713 1919 786; x_wconf 84' lang='lat' dir='ltr'>futuros</span> 
     </span>
     <span class='ocr_line' id='line_1_4' title="bbox 396 792 1922 924; baseline -0.005 -37"><span class='ocrx_word' id='word_1_24' title='bbox 396 792 517 924; x_wconf 50' lang='grc' dir='ltr'>ῗξζῖῗ</span> <span class='ocrx_word' id='word_1_25' title='bbox 573 813 698 888; x_wconf 88' lang='lat' dir='ltr'>Christi</span> <span class='ocrx_word' id='word_1_26' title='bbox 720 812 907 909; x_wconf 89' lang='lat' dir='ltr'>peculium.</span> <span class='ocrx_word' id='word_1_27' title='bbox 961 815 1038 883; x_wconf 87' lang='lat' dir='ltr'>Hos</span> <span class='ocrx_word' id='word_1_28' title='bbox 1063 835 1173 907; x_wconf 91' lang='lat' dir='ltr'>quum</span> <span class='ocrx_word' id='word_1_29' title='bbox 1193 812 1307 886; x_wconf 88' lang='lat' dir='ltr'>ubivis</span> <span class='ocrx_word' id='word_1_30' title='bbox 1325 808 1525 884; x_wconf 89' lang='lat' dir='ltr'>habeatsme</span> <span class='ocrx_word' id='word_1_31' title='bbox 1541 808 1765 909; x_wconf 87' lang='lat' dir='ltr'>personarum</span> <span class='ocrx_word' id='word_1_32' title='bbox 1784 801 1922 907; x_wconf 86' lang='lat' dir='ltr'>&amp;gen-</span> 
     </span>
     <span class='ocr_line' id='line_1_5' title="bbox 398 887 1922 1007; baseline -0.005 -24"><span class='ocrx_word' id='word_1_33' title='bbox 398 887 523 1007; x_wconf 57' lang='lat' dir='ltr'>gmf&#39;</span> <span class='ocrx_word' id='word_1_34' title='bbox 573 914 663 983; x_wconf 90' lang='lat' dir='ltr'>tium</span> <span class='ocrx_word' id='word_1_35' title='bbox 686 907 910 990; x_wconf 83' lang='lat' dir='ltr'>discrimine,</span> <span class='ocrx_word' id='word_1_36' title='bbox 944 907 1171 1005; x_wconf 87' lang='lat' dir='ltr'>Evangelium</span> <span class='ocrx_word' id='word_1_37' title='bbox 1198 933 1341 1006; x_wconf 92' lang='lat' dir='ltr'>quoque</span> <span class='ocrx_word' id='word_1_38' title='bbox 1362 903 1462 981; x_wconf 92' lang='lat' dir='ltr'>suum</span> <span class='ocrx_word' id='word_1_39' title='bbox 1486 908 1664 1006; x_wconf 77' lang='lat' dir='ltr'>praedicari</span> <span class='ocrx_word' id='word_1_40' title='bbox 1686 929 1779 983; x_wconf 87' lang='lat' dir='ltr'>curat</span> <span class='ocrx_word' id='word_1_41' title='bbox 1797 905 1861 977; x_wconf 92' lang='lat' dir='ltr'>ubi</span> <span class='ocrx_word' id='word_1_42' title='bbox 1883 906 1922 977; x_wconf 74' lang='grc' dir='ltr'>δε</span> 
     </span>
     <span class='ocr_line' id='line_1_6' title="bbox 400 996 1922 1106; baseline -0.003 -29"><span class='ocrx_word' id='word_1_43' title='bbox 400 1081 402 1088; x_wconf 67' lang='grc'><em>,</em></span> <span class='ocrx_word' id='word_1_44' title='bbox 572 1005 714 1106; x_wconf 87' lang='lat' dir='ltr'>quando</span> <span class='ocrx_word' id='word_1_45' title='bbox 731 1031 791 1077; x_wconf 90' lang='lat' dir='ltr'>eos</span> <span class='ocrx_word' id='word_1_46' title='bbox 809 1002 937 1086; x_wconf 89' lang='lat' dir='ltr'>habet,</span> <span class='ocrx_word' id='word_1_47' title='bbox 963 1027 1002 1075; x_wconf 93' lang='lat' dir='ltr'>ut</span> <span class='ocrx_word' id='word_1_48' title='bbox 1017 1006 1062 1074; x_wconf 89' lang='lat' dir='ltr'>ad</span> <span class='ocrx_word' id='word_1_49' title='bbox 1084 1003 1282 1078; x_wconf 88' lang='lat' dir='ltr'>destinatam</span> <span class='ocrx_word' id='word_1_50' title='bbox 1300 999 1360 1076; x_wconf 85' lang='lat' dir='ltr'>srbi</span> <span class='ocrx_word' id='word_1_51' title='bbox 1381 1027 1583 1104; x_wconf 76' lang='lat' dir='ltr'>pactamque</span> <span class='ocrx_word' id='word_1_52' title='bbox 1595 1030 1657 1101; x_wconf 88' lang='lat' dir='ltr'>per</span> <span class='ocrx_word' id='word_1_53' title='bbox 1675 1002 1856 1077; x_wconf 86' lang='lat' dir='ltr'>Christum</span> <span class='ocrx_word' id='word_1_54' title='bbox 1869 996 1922 1072; x_wconf 81' lang='lat' dir='ltr'>sa-</span> 
     </span>
     <span class='ocr_line' id='line_1_7' title="bbox 483 1096 1919 1185; baseline -0.007 -4"><span class='ocrx_word' id='word_1_55' title='bbox 483 1170 490 1181; x_wconf 93' lang='lat'><strong>.</strong></span> <span class='ocrx_word' id='word_1_56' title='bbox 570 1104 714 1185; x_wconf 87' lang='lat' dir='ltr'>lutem,</span> <span class='ocrx_word' id='word_1_57' title='bbox 749 1103 924 1184; x_wconf 87' lang='lat' dir='ltr'>comitet,</span> <span class='ocrx_word' id='word_1_58' title='bbox 962 1096 1021 1172; x_wconf 88' lang='lat' dir='ltr'>sed</span> <span class='ocrx_word' id='word_1_59' title='bbox 1046 1103 1083 1171; x_wconf 79' lang='lat' dir='ltr'>dc</span> <span class='ocrx_word' id='word_1_60' title='bbox 1107 1102 1310 1185; x_wconf 84' lang='lat' dir='ltr'>efficaciter,</span> <span class='ocrx_word' id='word_1_61' title='bbox 1337 1124 1516 1174; x_wconf 90' lang='lat' dir='ltr'>vocentur.</span> <span class='ocrx_word' id='word_1_62' title='bbox 1571 1104 1801 1173; x_wconf 80' lang='lat' dir='ltr'>vocationem</span> <span class='ocrx_word' id='word_1_63' title='bbox 1822 1100 1919 1171; x_wconf 89' lang='lat' dir='ltr'>enim</span> 
     </span>
     <span class='ocr_line' id='line_1_8' title="bbox 570 1192 1922 1297; baseline -0.006 -23"><span class='ocrx_word' id='word_1_64' title='bbox 570 1199 669 1276; x_wconf 88' lang='lat' dir='ltr'>istam</span> <span class='ocrx_word' id='word_1_65' title='bbox 690 1198 793 1297; x_wconf 86' lang='lat' dir='ltr'>dirigi</span> <span class='ocrx_word' id='word_1_66' title='bbox 813 1224 855 1270; x_wconf 85' lang='lat' dir='ltr'>ex</span> <span class='ocrx_word' id='word_1_67' title='bbox 867 1195 1023 1295; x_wconf 79' lang='lat' dir='ltr'>propofito</span> <span class='ocrx_word' id='word_1_68' title='bbox 1041 1200 1111 1269; x_wconf 82' lang='lat' dir='ltr'>Dei</span> <span class='ocrx_word' id='word_1_69' title='bbox 1130 1200 1174 1271; x_wconf 58' lang='grc' dir='ltr'><em>Θ</em></span> <span class='ocrx_word' id='word_1_70' title='bbox 1184 1203 1317 1293; x_wconf 84' lang='lat' dir='ltr'>gratia,</span> <span class='ocrx_word' id='word_1_71' title='bbox 1341 1222 1407 1296; x_wconf 71' lang='lat' dir='ltr'>que</span> <span class='ocrx_word' id='word_1_72' title='bbox 1422 1200 1497 1269; x_wconf 80' lang='lat' dir='ltr'>daea</span> <span class='ocrx_word' id='word_1_73' title='bbox 1518 1195 1560 1280; x_wconf 78' lang='lat' dir='ltr'>ess</span> <span class='ocrx_word' id='word_1_74' title='bbox 1580 1202 1615 1269; x_wconf 84' lang='lat' dir='ltr'>in</span> <span class='ocrx_word' id='word_1_75' title='bbox 1635 1192 1754 1279; x_wconf 74' lang='lat' dir='ltr'>cbristo</span> <span class='ocrx_word' id='word_1_76' title='bbox 1769 1196 1922 1289; x_wconf 70' lang='lat' dir='ltr'>Jesuan·</span> 
     </span>
     <span class='ocr_line' id='line_1_9' title="bbox 570 1292 1922 1393; baseline -0.006 -23"><span class='ocrx_word' id='word_1_77' title='bbox 570 1316 604 1373; x_wconf 79' lang='lat' dir='ltr'>tc</span> <span class='ocrx_word' id='word_1_78' title='bbox 620 1315 760 1393; x_wconf 70' lang='lat' dir='ltr'>tmepore</span> <span class='ocrx_word' id='word_1_79' title='bbox 773 1293 974 1384; x_wconf 76' lang='lat' dir='ltr'>seculorum,</span> <span class='ocrx_word' id='word_1_80' title='bbox 998 1292 1123 1366; x_wconf 87' lang='lat' dir='ltr'>Paulus</span> <span class='ocrx_word' id='word_1_81' title='bbox 1141 1298 1256 1366; x_wconf 71' lang='lat' dir='ltr'>auctor</span> <span class='ocrx_word' id='word_1_82' title='bbox 1276 1294 1334 1368; x_wconf 89' lang='lat' dir='ltr'>est.</span> <span class='ocrx_word' id='word_1_83' title='bbox 1349 1319 1382 1370; x_wconf 87' lang='lat'>2.</span> <span class='ocrx_word' id='word_1_84' title='bbox 1396 1295 1492 1367; x_wconf 86' lang='lat' dir='ltr'>Tim.</span> <span class='ocrx_word' id='word_1_85' title='bbox 1509 1318 1540 1368; x_wconf 90' lang='lat'>1:</span> <span class='ocrx_word' id='word_1_86' title='bbox 1552 1317 1586 1385; x_wconf 87' lang='lat'>9.</span> <span class='ocrx_word' id='word_1_87' title='bbox 1638 1300 1724 1367; x_wconf 93' lang='lat' dir='ltr'>Non</span> <span class='ocrx_word' id='word_1_88' title='bbox 1742 1316 1815 1366; x_wconf 90' lang='lat' dir='ltr'>tam</span> <span class='ocrx_word' id='word_1_89' title='bbox 1838 1292 1922 1363; x_wconf 88' lang='lat' dir='ltr'>uni-</span> 
     </span>
     <span class='ocr_line' id='line_1_10' title="bbox 572 1385 1922 1488; baseline -0.007 -21"><span class='ocrx_word' id='word_1_90' title='bbox 572 1388 710 1467; x_wconf 88' lang='lat' dir='ltr'>versalis</span> <span class='ocrx_word' id='word_1_91' title='bbox 729 1387 984 1487; x_wconf 87' lang='lat' dir='ltr'>conspiciendus</span> <span class='ocrx_word' id='word_1_92' title='bbox 1005 1389 1052 1461; x_wconf 88' lang='lat' dir='ltr'>est</span> <span class='ocrx_word' id='word_1_93' title='bbox 1068 1413 1165 1461; x_wconf 85' lang='lat' dir='ltr'>amor</span> <span class='ocrx_word' id='word_1_94' title='bbox 1184 1388 1244 1462; x_wconf 92' lang='lat' dir='ltr'>ille</span> <span class='ocrx_word' id='word_1_95' title='bbox 1262 1394 1329 1463; x_wconf 90' lang='lat' dir='ltr'>Dei</span> <span class='ocrx_word' id='word_1_96' title='bbox 1349 1413 1428 1488; x_wconf 87' lang='lat' dir='ltr'>erga</span> <span class='ocrx_word' id='word_1_97' title='bbox 1440 1414 1560 1463; x_wconf 88' lang='lat' dir='ltr'>omnes</span> <span class='ocrx_word' id='word_1_98' title='bbox 1569 1385 1788 1487; x_wconf 75' lang='lat' dir='ltr'>singulosque</span> <span class='ocrx_word' id='word_1_99' title='bbox 1801 1386 1922 1461; x_wconf 88' lang='lat' dir='ltr'>homi·</span> 
     </span>
     <span class='ocr_line' id='line_1_11' title="bbox 571 1480 1920 1587; baseline -0.004 -24"><span class='ocrx_word' id='word_1_100' title='bbox 571 1515 633 1566; x_wconf 89' lang='lat' dir='ltr'>nes</span> <span class='ocrx_word' id='word_1_101' title='bbox 652 1486 807 1587; x_wconf 90' lang='lat' dir='ltr'>(quippe</span> <span class='ocrx_word' id='word_1_102' title='bbox 829 1512 935 1584; x_wconf 89' lang='lat' dir='ltr'>quem</span> <span class='ocrx_word' id='word_1_103' title='bbox 955 1486 1163 1560; x_wconf 86' lang='lat' dir='ltr'>inefficacem</span> <span class='ocrx_word' id='word_1_104' title='bbox 1183 1488 1220 1557; x_wconf 75' lang='grc' dir='ltr'>δι</span> <span class='ocrx_word' id='word_1_105' title='bbox 1240 1482 1359 1559; x_wconf 63' lang='lat' dir='ltr'>effectu</span> <span class='ocrx_word' id='word_1_106' title='bbox 1375 1482 1499 1562; x_wconf 86' lang='lat' dir='ltr'>callum</span> <span class='ocrx_word' id='word_1_107' title='bbox 1529 1488 1705 1584; x_wconf 84' lang='lat' dir='ltr'>concipere</span> <span class='ocrx_word' id='word_1_108' title='bbox 1729 1486 1824 1558; x_wconf 87' lang='lat' dir='ltr'>nefas</span> <span class='ocrx_word' id='word_1_109' title='bbox 1845 1480 1920 1573; x_wconf 81' lang='lat' dir='ltr'>est)</span> 
     </span>
     <span class='ocr_line' id='line_1_12' title="bbox 572 1577 1922 1679; baseline -0.004 -20"><span class='ocrx_word' id='word_1_110' title='bbox 572 1609 613 1659; x_wconf 93' lang='lat' dir='ltr'>ut</span> <span class='ocrx_word' id='word_1_111' title='bbox 625 1579 933 1657; x_wconf 81' lang='lat' dir='ltr'>omniumsalutem</span> <span class='ocrx_word' id='word_1_112' title='bbox 944 1608 987 1655; x_wconf 85' lang='lat' dir='ltr'>ex</span> <span class='ocrx_word' id='word_1_113' title='bbox 1000 1606 1102 1677; x_wconf 84' lang='lat' dir='ltr'>aequo</span> <span class='ocrx_word' id='word_1_114' title='bbox 1119 1578 1306 1666; x_wconf 89' lang='lat' dir='ltr'>desrderet,</span> <span class='ocrx_word' id='word_1_115' title='bbox 1334 1577 1631 1679; x_wconf 85' lang='lat' dir='ltr'>&amp;consequenter</span> <span class='ocrx_word' id='word_1_116' title='bbox 1653 1582 1816 1655; x_wconf 92' lang='lat' dir='ltr'>omnibus</span> <span class='ocrx_word' id='word_1_117' title='bbox 1830 1577 1922 1655; x_wconf 90' lang='lat' dir='ltr'>sem·</span> 
     </span>
     <span class='ocr_line' id='line_1_13' title="bbox 574 1674 1920 1782; baseline -0.004 -29"><span class='ocrx_word' id='word_1_118' title='bbox 574 1706 636 1782; x_wconf 88' lang='lat' dir='ltr'>per</span> <span class='ocrx_word' id='word_1_119' title='bbox 654 1678 872 1762; x_wconf 90' lang='lat' dir='ltr'>nationibus,</span> <span class='ocrx_word' id='word_1_120' title='bbox 902 1680 1030 1751; x_wconf 91' lang='lat' dir='ltr'>nedum</span> <span class='ocrx_word' id='word_1_121' title='bbox 1046 1677 1276 1761; x_wconf 90' lang='lat' dir='ltr'>hominibus,</span> <span class='ocrx_word' id='word_1_122' title='bbox 1305 1704 1343 1750; x_wconf 87' lang='lat' dir='ltr'>ea</span> <span class='ocrx_word' id='word_1_123' title='bbox 1371 1679 1483 1751; x_wconf 89' lang='lat' dir='ltr'>media</span> <span class='ocrx_word' id='word_1_124' title='bbox 1510 1679 1676 1752; x_wconf 85' lang='lat' dir='ltr'>concedat</span> <span class='ocrx_word' id='word_1_125' title='bbox 1699 1674 1767 1778; x_wconf 76' lang='lat' dir='ltr'>stne</span> <span class='ocrx_word' id='word_1_126' title='bbox 1788 1680 1920 1776; x_wconf 85' lang='lat' dir='ltr'>quibus</span> 
     </span>
     <span class='ocr_line' id='line_1_14' title="bbox 575 1770 1924 1873; baseline -0.004 -23"><span class='ocrx_word' id='word_1_127' title='bbox 575 1775 706 1850; x_wconf 88' lang='lat' dir='ltr'>nonest</span> <span class='ocrx_word' id='word_1_128' title='bbox 726 1770 828 1849; x_wconf 86' lang='lat' dir='ltr'>salus.</span> <span class='ocrx_word' id='word_1_129' title='bbox 881 1777 946 1853; x_wconf 91' lang='lat' dir='ltr'>Uti</span> <span class='ocrx_word' id='word_1_130' title='bbox 964 1801 1033 1846; x_wconf 91' lang='lat' dir='ltr'>non</span> <span class='ocrx_word' id='word_1_131' title='bbox 1051 1778 1255 1872; x_wconf 81' lang='lat' dir='ltr'>repugnavit</span> <span class='ocrx_word' id='word_1_132' title='bbox 1276 1778 1414 1848; x_wconf 88' lang='lat' dir='ltr'>Divinae</span> <span class='ocrx_word' id='word_1_133' title='bbox 1428 1773 1717 1873; x_wconf 86' lang='lat' dir='ltr'>philanthropiae,</span> <span class='ocrx_word' id='word_1_134' title='bbox 1746 1775 1848 1873; x_wconf 92' lang='lat' dir='ltr'>quod</span> <span class='ocrx_word' id='word_1_135' title='bbox 1862 1775 1924 1846; x_wconf 90' lang='lat' dir='ltr'>ad·</span> 
     </span>
     <span class='ocr_line' id='line_1_15' title="bbox 574 1866 1921 1973; baseline -0.001 -26"><span class='ocrx_word' id='word_1_136' title='bbox 574 1870 664 1947; x_wconf 85' lang='lat' dir='ltr'>serto</span> <span class='ocrx_word' id='word_1_137' title='bbox 690 1867 751 1943; x_wconf 86' lang='lat' dir='ltr'>srbi</span> <span class='ocrx_word' id='word_1_138' title='bbox 775 1872 863 1945; x_wconf 91' lang='lat' dir='ltr'>olim</span> <span class='ocrx_word' id='word_1_139' title='bbox 879 1871 1013 1971; x_wconf 89' lang='lat' dir='ltr'>populo</span> <span class='ocrx_word' id='word_1_140' title='bbox 1031 1868 1216 1944; x_wconf 70' lang='lat' dir='ltr'>Israelitico</span> <span class='ocrx_word' id='word_1_141' title='bbox 1236 1895 1355 1973; x_wconf 83' lang='lat' dir='ltr'>gentes</span> <span class='ocrx_word' id='word_1_142' title='bbox 1377 1874 1412 1945; x_wconf 90' lang='lat' dir='ltr'>in</span> <span class='ocrx_word' id='word_1_143' title='bbox 1432 1873 1498 1944; x_wconf 89' lang='lat' dir='ltr'>viis</span> <span class='ocrx_word' id='word_1_144' title='bbox 1519 1866 1585 1943; x_wconf 93' lang='lat' dir='ltr'>suis</span> <span class='ocrx_word' id='word_1_145' title='bbox 1606 1871 1782 1944; x_wconf 85' lang='lat' dir='ltr'>ambulare</span> <span class='ocrx_word' id='word_1_146' title='bbox 1795 1869 1921 1953; x_wconf 84' lang='lat' dir='ltr'>fiverit,</span> 
     </span>
     <span class='ocr_line' id='line_1_16' title="bbox 575 1964 1923 2068; baseline -0.001 -25"><span class='ocrx_word' id='word_1_147' title='bbox 575 1966 643 2043; x_wconf 87' lang='lat' dir='ltr'>srne</span> <span class='ocrx_word' id='word_1_148' title='bbox 659 1964 728 2042; x_wconf 81' lang='lat' dir='ltr'>suae</span> <span class='ocrx_word' id='word_1_149' title='bbox 747 1968 936 2043; x_wconf 90' lang='lat' dir='ltr'>voluntatis</span> <span class='ocrx_word' id='word_1_150' title='bbox 961 1993 1022 2068; x_wconf 89' lang='lat' dir='ltr'>per</span> <span class='ocrx_word' id='word_1_151' title='bbox 1045 1966 1180 2042; x_wconf 86' lang='lat' dir='ltr'>oracula</span> <span class='ocrx_word' id='word_1_152' title='bbox 1196 1969 1434 2041; x_wconf 85' lang='lat' dir='ltr'>revelatione:</span> <span class='ocrx_word' id='word_1_153' title='bbox 1468 1969 1520 2040; x_wconf 91' lang='lat' dir='ltr'>uti</span> <span class='ocrx_word' id='word_1_154' title='bbox 1541 1992 1630 2039; x_wconf 89' lang='lat' dir='ltr'>nunc</span> <span class='ocrx_word' id='word_1_155' title='bbox 1656 1967 1770 2041; x_wconf 92' lang='lat' dir='ltr'>eidem</span> <span class='ocrx_word' id='word_1_156' title='bbox 1782 1968 1923 2067; x_wconf 88' lang='lat' dir='ltr'>philan-</span> 
     </span>
     <span class='ocr_line' id='line_1_17' title="bbox 463 2058 1922 2165; baseline -0.003 -24"><span class='ocrx_word' id='word_1_157' title='bbox 463 2058 471 2076; x_wconf 59' lang='grc'><strong><em>”</em></strong></span> <span class='ocrx_word' id='word_1_158' title='bbox 574 2066 723 2164; x_wconf 87' lang='lat' dir='ltr'>thropiae</span> <span class='ocrx_word' id='word_1_159' title='bbox 744 2091 815 2140; x_wconf 92' lang='lat' dir='ltr'>non</span> <span class='ocrx_word' id='word_1_160' title='bbox 834 2087 1021 2165; x_wconf 86' lang='lat' dir='ltr'>repugnat,</span> <span class='ocrx_word' id='word_1_161' title='bbox 1049 2063 1148 2163; x_wconf 91' lang='lat' dir='ltr'>quod</span> <span class='ocrx_word' id='word_1_162' title='bbox 1166 2085 1221 2137; x_wconf 91' lang='lat' dir='ltr'>tot</span> <span class='ocrx_word' id='word_1_163' title='bbox 1240 2065 1334 2138; x_wconf 90' lang='lat' dir='ltr'>orbis</span> <span class='ocrx_word' id='word_1_164' title='bbox 1354 2089 1519 2139; x_wconf 88' lang='lat' dir='ltr'>terrarum</span> <span class='ocrx_word' id='word_1_165' title='bbox 1537 2065 1690 2161; x_wconf 87' lang='lat' dir='ltr'>populos</span> <span class='ocrx_word' id='word_1_166' title='bbox 1710 2066 1745 2137; x_wconf 92' lang='lat' dir='ltr'>in</span> <span class='ocrx_word' id='word_1_167' title='bbox 1767 2066 1922 2138; x_wconf 86' lang='lat' dir='ltr'>tenebris</span> 
     </span>
     <span class='ocr_line' id='line_1_18' title="bbox 574 2159 1925 2261; baseline -0.004 -23"><span class='ocrx_word' id='word_1_168' title='bbox 574 2165 614 2238; x_wconf 69' lang='grc' dir='ltr'>δι</span> <span class='ocrx_word' id='word_1_169' title='bbox 631 2160 752 2235; x_wconf 90' lang='lat' dir='ltr'>umbra</span> <span class='ocrx_word' id='word_1_170' title='bbox 771 2163 893 2235; x_wconf 90' lang='lat' dir='ltr'>mortis</span> <span class='ocrx_word' id='word_1_171' title='bbox 915 2162 1108 2261; x_wconf 86' lang='lat' dir='ltr'>relinquere</span> <span class='ocrx_word' id='word_1_172' title='bbox 1133 2162 1164 2232; x_wconf 91' lang='lat' dir='ltr'>ei</span> <span class='ocrx_word' id='word_1_173' title='bbox 1187 2160 1333 2244; x_wconf 89' lang='lat' dir='ltr'>lubeat,</span> <span class='ocrx_word' id='word_1_174' title='bbox 1360 2159 1427 2235; x_wconf 87' lang='lat' dir='ltr'>fine</span> <span class='ocrx_word' id='word_1_175' title='bbox 1459 2160 1514 2233; x_wconf 90' lang='lat' dir='ltr'>vel</span> <span class='ocrx_word' id='word_1_176' title='bbox 1539 2163 1682 2233; x_wconf 90' lang='lat' dir='ltr'>minima</span> <span class='ocrx_word' id='word_1_177' title='bbox 1704 2161 1793 2234; x_wconf 87' lang='lat' dir='ltr'>lucis</span> <span class='ocrx_word' id='word_1_178' title='bbox 1811 2166 1925 2234; x_wconf 86' lang='lat' dir='ltr'>Evan-</span> 
     </span>
     <span class='ocr_line' id='line_1_19' title="bbox 573 2254 1920 2359; baseline 0 -27"><span class='ocrx_word' id='word_1_179' title='bbox 573 2259 696 2359; x_wconf 87' lang='lat' dir='ltr'>gelicae</span> <span class='ocrx_word' id='word_1_180' title='bbox 707 2255 852 2332; x_wconf 89' lang='lat' dir='ltr'>scintilla</span> <span class='ocrx_word' id='word_1_181' title='bbox 872 2286 883 2331; x_wconf 78' lang='lat' dir='ltr'>t</span> <span class='ocrx_word' id='word_1_182' title='bbox 908 2261 955 2331; x_wconf 87' lang='lat' dir='ltr'>ita</span> <span class='ocrx_word' id='word_1_183' title='bbox 975 2255 1082 2331; x_wconf 87' lang='lat' dir='ltr'>caussa</span> <span class='ocrx_word' id='word_1_184' title='bbox 1094 2258 1163 2330; x_wconf 91' lang='lat' dir='ltr'>dici</span> <span class='ocrx_word' id='word_1_185' title='bbox 1176 2283 1249 2335; x_wconf 93' lang='lat' dir='ltr'>non</span> <span class='ocrx_word' id='word_1_186' title='bbox 1258 2256 1370 2356; x_wconf 89' lang='lat' dir='ltr'>potest</span> <span class='ocrx_word' id='word_1_187' title='bbox 1379 2306 1390 2340; x_wconf 88' lang='lat'>,</span> <span class='ocrx_word' id='word_1_188' title='bbox 1420 2284 1501 2339; x_wconf 90' lang='lat' dir='ltr'>cur,</span> <span class='ocrx_word' id='word_1_189' title='bbox 1529 2254 1920 2349; x_wconf 63' lang='lat' dir='ltr'>salvaistaeaavapom&#39;e,</span> 
     </span>
     <span class='ocr_line' id='line_1_20' title="bbox 574 2352 1925 2455; baseline -0.004 -24"><span class='ocrx_word' id='word_1_190' title='bbox 574 2358 690 2455; x_wconf 90' lang='lat' dir='ltr'>primo</span> <span class='ocrx_word' id='word_1_191' title='bbox 712 2352 959 2429; x_wconf 85' lang='lat' dir='ltr'>Christianismi</span> <span class='ocrx_word' id='word_1_192' title='bbox 981 2352 1096 2429; x_wconf 89' lang='lat' dir='ltr'>seculo</span> <span class='ocrx_word' id='word_1_193' title='bbox 1115 2357 1328 2428; x_wconf 86' lang='lat' dir='ltr'>Americanis</span> <span class='ocrx_word' id='word_1_194' title='bbox 1348 2357 1490 2429; x_wconf 89' lang='lat' dir='ltr'>tacitum</span> <span class='ocrx_word' id='word_1_195' title='bbox 1513 2378 1649 2427; x_wconf 91' lang='lat' dir='ltr'>manere</span> <span class='ocrx_word' id='word_1_196' title='bbox 1679 2379 1750 2427; x_wconf 92' lang='lat' dir='ltr'>non</span> <span class='ocrx_word' id='word_1_197' title='bbox 1770 2356 1925 2452; x_wconf 91' lang='lat' dir='ltr'>potuerit</span> 
     </span>
     <span class='ocr_line' id='line_1_21' title="bbox 573 2450 1926 2552; baseline -0.006 -23"><span class='ocrx_word' id='word_1_198' title='bbox 573 2450 815 2552; x_wconf 82' lang='lat' dir='ltr'>Evangelium.</span> <span class='ocrx_word' id='word_1_199' title='bbox 865 2452 1049 2526; x_wconf 90' lang='lat' dir='ltr'>Miseretur</span> <span class='ocrx_word' id='word_1_200' title='bbox 1068 2457 1165 2525; x_wconf 89' lang='lat' dir='ltr'>Deus</span> <span class='ocrx_word' id='word_1_201' title='bbox 1194 2474 1345 2552; x_wconf 87' lang='lat' dir='ltr'>quorum</span> <span class='ocrx_word' id='word_1_202' title='bbox 1367 2453 1457 2524; x_wconf 92' lang='lat' dir='ltr'>vult.</span> <span class='ocrx_word' id='word_1_203' title='bbox 1508 2451 1652 2539; x_wconf 80' lang='lat' dir='ltr'>Quibus¹</span> <span class='ocrx_word' id='word_1_204' title='bbox 1668 2476 1745 2523; x_wconf 89' lang='lat' dir='ltr'>eam</span> <span class='ocrx_word' id='word_1_205' title='bbox 1770 2457 1820 2525; x_wconf 92' lang='lat' dir='ltr'>im</span> <span class='ocrx_word' id='word_1_206' title='bbox 1849 2452 1926 2525; x_wconf 88' lang='lat' dir='ltr'>ertit</span> 
     </span>
     <span class='ocr_line' id='line_1_22' title="bbox 574 2477 1927 2651; baseline -0.001 -28"><span class='ocrx_word' id='word_1_207' title='bbox 574 2552 748 2651; x_wconf 82' lang='lat' dir='ltr'>gratiam,</span> <span class='ocrx_word' id='word_1_208' title='bbox 777 2547 825 2626; x_wconf 86' lang='lat' dir='ltr'>cst</span> <span class='ocrx_word' id='word_1_209' title='bbox 841 2549 940 2648; x_wconf 92' lang='lat' dir='ltr'>quod</span> <span class='ocrx_word' id='word_1_210' title='bbox 953 2553 1079 2647; x_wconf 85' lang='lat' dir='ltr'>gratias</span> <span class='ocrx_word' id='word_1_211' title='bbox 1098 2568 1213 2645; x_wconf 87' lang='lat' dir='ltr'>agant.</span> <span class='ocrx_word' id='word_1_212' title='bbox 1265 2549 1403 2640; x_wconf 80' lang='lat' dir='ltr'>Quibus</span> <span class='ocrx_word' id='word_1_213' title='bbox 1424 2571 1550 2646; x_wconf 88' lang='lat' dir='ltr'>negat,</span> <span class='ocrx_word' id='word_1_214' title='bbox 1577 2574 1647 2620; x_wconf 93' lang='lat' dir='ltr'>non</span> <span class='ocrx_word' id='word_1_215' title='bbox 1667 2546 1712 2621; x_wconf 91' lang='lat' dir='ltr'>est</span> <span class='ocrx_word' id='word_1_216' title='bbox 1725 2477 1927 2644; x_wconf 66' lang='lat' dir='ltr'>quodpeon-</span> 
     </span>
     <span class='ocr_line' id='line_1_23' title="bbox 576 2641 1925 2745; baseline 0.001 -29"><span class='ocrx_word' id='word_1_217' title='bbox 576 2667 786 2743; x_wconf 83' lang='lat' dir='ltr'>querantur:</span> <span class='ocrx_word' id='word_1_218' title='bbox 814 2671 925 2744; x_wconf 93' lang='lat' dir='ltr'>quum</span> <span class='ocrx_word' id='word_1_219' title='bbox 941 2671 1011 2718; x_wconf 93' lang='lat' dir='ltr'>non</span> <span class='ocrx_word' id='word_1_220' title='bbox 1030 2669 1069 2717; x_wconf 89' lang='lat' dir='ltr'>ea</span> <span class='ocrx_word' id='word_1_221' title='bbox 1081 2641 1194 2718; x_wconf 89' lang='lat' dir='ltr'>solum</span> <span class='ocrx_word' id='word_1_222' title='bbox 1206 2648 1336 2745; x_wconf 89' lang='lat' dir='ltr'>gratia,</span> <span class='ocrx_word' id='word_1_223' title='bbox 1365 2642 1423 2717; x_wconf 90' lang='lat' dir='ltr'>sed</span> <span class='ocrx_word' id='word_1_224' title='bbox 1439 2649 1476 2717; x_wconf 92' lang='lat'><strong>&amp;</strong></span> <span class='ocrx_word' id='word_1_225' title='bbox 1493 2641 1572 2745; x_wconf 88' lang='lat' dir='ltr'>ipfis</span> <span class='ocrx_word' id='word_1_226' title='bbox 1590 2666 1717 2718; x_wconf 84' lang='lat' dir='ltr'>naturae</span> <span class='ocrx_word' id='word_1_227' title='bbox 1735 2642 1925 2729; x_wconf 83' lang='lat' dir='ltr'>beneficiis,</span> 
     </span>
     <span class='ocr_line' id='line_1_24' title="bbox 578 2736 1793 2841; baseline 0 -28"><span class='ocrx_word' id='word_1_228' title='bbox 578 2740 825 2841; x_wconf 87' lang='lat' dir='ltr'>ingratitudine</span> <span class='ocrx_word' id='word_1_229' title='bbox 845 2744 883 2813; x_wconf 75' lang='grc' dir='ltr'>δι</span> <span class='ocrx_word' id='word_1_230' title='bbox 900 2736 1027 2823; x_wconf 92' lang='lat' dir='ltr'>abusu,</span> <span class='ocrx_word' id='word_1_231' title='bbox 1055 2743 1217 2839; x_wconf 85' lang='lat' dir='ltr'>indignos</span> <span class='ocrx_word' id='word_1_232' title='bbox 1234 2737 1270 2813; x_wconf 93' lang='lat' dir='ltr'>se</span> <span class='ocrx_word' id='word_1_233' title='bbox 1291 2742 1513 2816; x_wconf 85' lang='lat' dir='ltr'>reddiderint.</span> <span class='ocrx_word' id='word_1_234' title='bbox 1787 2788 1793 2797; x_wconf 40' lang='grc' dir='ltr'>ι</span> 
     </span>
     <span class='ocr_line' id='line_1_25' title="bbox 402 2834 1928 2940; baseline 0.007 -36"><span class='ocrx_word' id='word_1_235' title='bbox 402 2843 578 2925; x_wconf 70' lang='lat' dir='ltr'>xmlue</span> <span class='ocrx_word' id='word_1_236' title='bbox 676 2838 817 2909; x_wconf 81' lang='lat' dir='ltr'>xxm.</span> <span class='ocrx_word' id='word_1_237' title='bbox 842 2843 927 2908; x_wconf 90' lang='lat' dir='ltr'>Non</span> <span class='ocrx_word' id='word_1_238' title='bbox 947 2836 994 2908; x_wconf 92' lang='lat' dir='ltr'>est</span> <span class='ocrx_word' id='word_1_239' title='bbox 1011 2839 1128 2932; x_wconf 87' lang='lat' dir='ltr'>itaque</span> <span class='ocrx_word' id='word_1_240' title='bbox 1150 2862 1210 2909; x_wconf 90' lang='lat' dir='ltr'>cur</span> <span class='ocrx_word' id='word_1_241' title='bbox 1228 2834 1358 2909; x_wconf 89' lang='lat' dir='ltr'>curiose</span> <span class='ocrx_word' id='word_1_242' title='bbox 1376 2841 1589 2935; x_wconf 89' lang='lat' dir='ltr'>inquiramus</span> <span class='ocrx_word' id='word_1_243' title='bbox 1600 2841 1634 2912; x_wconf 90' lang='lat' dir='ltr'>in</span> <span class='ocrx_word' id='word_1_244' title='bbox 1646 2836 1771 2913; x_wconf 85' lang='lat' dir='ltr'>caussas</span> <span class='ocrx_word' id='word_1_245' title='bbox 1783 2840 1829 2913; x_wconf 94' lang='lat' dir='ltr'>ob</span> <span class='ocrx_word' id='word_1_246' title='bbox 1840 2861 1928 2940; x_wconf 75' lang='lat' dir='ltr'>quas</span> 
     </span>
     <span class='ocr_line' id='line_1_26' title="bbox 401 2924 1928 3035; baseline 0.007 -33"><span class='ocrx_word' id='word_1_247' title='bbox 401 2924 570 3025; x_wconf 55' lang='lat' dir='ltr'>&#39;almfflff‘</span> <span class='ocrx_word' id='word_1_248' title='bbox 580 2956 651 3009; x_wconf 89' lang='lat' dir='ltr'>non</span> <span class='ocrx_word' id='word_1_249' title='bbox 668 2932 891 3031; x_wconf 83' lang='lat' dir='ltr'>praedicatum</span> <span class='ocrx_word' id='word_1_250' title='bbox 908 2931 996 3004; x_wconf 89' lang='lat' dir='ltr'>olim</span> <span class='ocrx_word' id='word_1_251' title='bbox 1010 2933 1222 3005; x_wconf 81' lang='lat' dir='ltr'>Americanis</span> <span class='ocrx_word' id='word_1_252' title='bbox 1241 2936 1469 3033; x_wconf 87' lang='lat' dir='ltr'>Evangelium</span> <span class='ocrx_word' id='word_1_253' title='bbox 1487 2932 1527 3007; x_wconf 79' lang='lat' dir='ltr'>stt</span> <span class='ocrx_word' id='word_1_254' title='bbox 1549 2963 1559 3010; x_wconf 73' lang='grc' dir='ltr'><strong>ε</strong></span> <span class='ocrx_word' id='word_1_255' title='bbox 1585 2933 1741 3035; x_wconf 87' lang='lat' dir='ltr'>suprema</span> <span class='ocrx_word' id='word_1_256' title='bbox 1760 2940 1799 3010; x_wconf 85' lang='lat'>&amp;</span> <span class='ocrx_word' id='word_1_257' title='bbox 1821 2939 1928 3013; x_wconf 88' lang='lat' dir='ltr'>libcr-</span> 
     </span>
     <span class='ocr_line' id='line_1_27' title="bbox 402 3020 1930 3141; baseline 0.004 -38"><span class='ocrx_word' id='word_1_258' title='bbox 402 3020 668 3141; x_wconf 54' lang='lat' dir='ltr'>”mmrima</span> <span class='ocrx_word' id='word_1_259' title='bbox 687 3029 755 3104; x_wconf 90' lang='lat' dir='ltr'>Dei</span> <span class='ocrx_word' id='word_1_260' title='bbox 775 3027 959 3109; x_wconf 89' lang='lat' dir='ltr'>voluntas,</span> <span class='ocrx_word' id='word_1_261' title='bbox 986 3029 1177 3108; x_wconf 89' lang='lat' dir='ltr'>indebitam</span> <span class='ocrx_word' id='word_1_262' title='bbox 1198 3029 1362 3102; x_wconf 90' lang='lat' dir='ltr'>omnibus</span> <span class='ocrx_word' id='word_1_263' title='bbox 1381 3035 1550 3129; x_wconf 89' lang='lat' dir='ltr'>gratiam,</span> <span class='ocrx_word' id='word_1_264' title='bbox 1577 3060 1641 3132; x_wconf 90' lang='lat' dir='ltr'>pro</span> <span class='ocrx_word' id='word_1_265' title='bbox 1658 3034 1775 3108; x_wconf 89' lang='lat' dir='ltr'>lubitu</span> <span class='ocrx_word' id='word_1_266' title='bbox 1789 3031 1930 3134; x_wconf 80' lang='lat' dir='ltr'>dispen-</span> 
     </span>
     <span class='ocr_line' id='line_1_28' title="bbox 401 3100 1929 3239; baseline 0.001 -34"><span class='ocrx_word' id='word_1_267' title='bbox 401 3100 495 3239; x_wconf 42' lang='grc' dir='ltr'>ζμ,</span> <span class='ocrx_word' id='word_1_268' title='bbox 510 3124 707 3234; x_wconf 55' lang='grc' dir='ltr'>Αμῖαηιίε,</span> <span class='ocrx_word' id='word_1_269' title='bbox 733 3128 834 3201; x_wconf 87' lang='lat' dir='ltr'>unica</span> <span class='ocrx_word' id='word_1_270' title='bbox 852 3119 959 3200; x_wconf 83' lang='lat' dir='ltr'>caussa</span> <span class='ocrx_word' id='word_1_271' title='bbox 973 3124 1042 3212; x_wconf 69' lang='lat' dir='ltr'>est,</span> <span class='ocrx_word' id='word_1_272' title='bbox 1067 3128 1103 3200; x_wconf 89' lang='lat' dir='ltr'>in</span> <span class='ocrx_word' id='word_1_273' title='bbox 1121 3150 1193 3225; x_wconf 89' lang='lat' dir='ltr'>qua</span> <span class='ocrx_word' id='word_1_274' title='bbox 1210 3152 1332 3201; x_wconf 82' lang='lat' dir='ltr'>omnes</span> <span class='ocrx_word' id='word_1_275' title='bbox 1351 3152 1413 3201; x_wconf 84' lang='lat' dir='ltr'>eos</span> <span class='ocrx_word' id='word_1_276' title='bbox 1427 3128 1635 3227; x_wconf 87' lang='lat' dir='ltr'>acquiescere</span> <span class='ocrx_word' id='word_1_277' title='bbox 1649 3157 1708 3230; x_wconf 92' lang='lat' dir='ltr'>par</span> <span class='ocrx_word' id='word_1_278' title='bbox 1719 3130 1791 3216; x_wconf 87' lang='lat' dir='ltr'>est,</span> <span class='ocrx_word' id='word_1_279' title='bbox 1819 3155 1929 3233; x_wconf 85' lang='lat' dir='ltr'>quot·</span> 
     </span>
     <span class='ocr_line' id='line_1_29' title="bbox 397 3220 1928 3327; baseline 0.005 -29"><span class='ocrx_word' id='word_1_280' title='bbox 397 3240 492 3318; x_wconf 67' lang='lat' dir='ltr'>fleus.</span> <span class='ocrx_word' id='word_1_281' title='bbox 581 3247 673 3327; x_wconf 91' lang='lat' dir='ltr'>quot</span> <span class='ocrx_word' id='word_1_282' title='bbox 691 3224 810 3297; x_wconf 89' lang='lat' dir='ltr'>Divini</span> <span class='ocrx_word' id='word_1_283' title='bbox 824 3223 989 3296; x_wconf 89' lang='lat' dir='ltr'>Numinis</span> <span class='ocrx_word' id='word_1_284' title='bbox 1000 3220 1209 3314; x_wconf 79' lang='lat' dir='ltr'>majestatem</span> <span class='ocrx_word' id='word_1_285' title='bbox 1220 3225 1284 3297; x_wconf 90' lang='lat' dir='ltr'>rite</span> <span class='ocrx_word' id='word_1_286' title='bbox 1295 3249 1509 3300; x_wconf 87' lang='lat' dir='ltr'>venerantur.</span> <span class='ocrx_word' id='word_1_287' title='bbox 1559 3232 1656 3299; x_wconf 89' lang='lat' dir='ltr'>Haut</span> <span class='ocrx_word' id='word_1_288' title='bbox 1668 3228 1834 3326; x_wconf 90' lang='lat' dir='ltr'>equidem</span> <span class='ocrx_word' id='word_1_289' title='bbox 1849 3254 1928 3305; x_wconf 84' lang='lat' dir='ltr'>cum</span> 
     </span>
     <span class='ocr_line' id='line_1_30' title="bbox 577 3318 1927 3422; baseline 0.004 -25"><span class='ocrx_word' id='word_1_290' title='bbox 577 3320 692 3415; x_wconf 74' lang='lat' dir='ltr'>Urfino</span> <span class='ocrx_word' id='word_1_291' title='bbox 711 3320 883 3402; x_wconf 85' lang='lat' dir='ltr'>dixerim,</span> <span class='ocrx_word' id='word_1_292' title='bbox 910 3318 1028 3393; x_wconf 84' lang='lat' dir='ltr'>nullos</span> <span class='ocrx_word' id='word_1_293' title='bbox 1047 3320 1293 3420; x_wconf 83' lang='lat' dir='ltr'>Apostolorum</span> <span class='ocrx_word' id='word_1_294' title='bbox 1315 3343 1470 3422; x_wconf 91' lang='lat' dir='ltr'>tempore</span> <span class='ocrx_word' id='word_1_295' title='bbox 1484 3327 1651 3396; x_wconf 83' lang='lat' dir='ltr'>Americae</span> <span class='ocrx_word' id='word_1_296' title='bbox 1665 3325 1799 3399; x_wconf 86' lang='lat' dir='ltr'>incolas</span> <span class='ocrx_word' id='word_1_297' title='bbox 1812 3321 1927 3404; x_wconf 76' lang='lat' dir='ltr'>fuisse:</span> 
     </span>
     <span class='ocr_line' id='line_1_31' title="bbox 577 3415 1931 3521; baseline 0.003 -27"><span class='ocrx_word' id='word_1_298' title='bbox 577 3422 632 3494; x_wconf 90' lang='lat' dir='ltr'>uti</span> <span class='ocrx_word' id='word_1_299' title='bbox 648 3442 711 3493; x_wconf 89' lang='lat' dir='ltr'>nec</span> <span class='ocrx_word' id='word_1_300' title='bbox 734 3441 795 3491; x_wconf 88' lang='lat' dir='ltr'>eos</span> <span class='ocrx_word' id='word_1_301' title='bbox 815 3415 861 3489; x_wconf 95' lang='lat' dir='ltr'>ob</span> <span class='ocrx_word' id='word_1_302' title='bbox 882 3417 1182 3501; x_wconf 65' lang='lat' dir='ltr'>maledistionem,</span> <span class='ocrx_word' id='word_1_303' title='bbox 1210 3441 1281 3516; x_wconf 90' lang='lat' dir='ltr'>qua</span> <span class='ocrx_word' id='word_1_304' title='bbox 1297 3418 1424 3493; x_wconf 88' lang='lat' dir='ltr'>Cbami</span> <span class='ocrx_word' id='word_1_305' title='bbox 1443 3418 1597 3517; x_wconf 88' lang='lat' dir='ltr'>posteros</span> <span class='ocrx_word' id='word_1_306' title='bbox 1615 3423 1814 3521; x_wconf 87' lang='lat' dir='ltr'>objurgavit</span> <span class='ocrx_word' id='word_1_307' title='bbox 1828 3429 1931 3499; x_wconf 85' lang='lat' dir='ltr'>Noa·</span> 
     </span>
     <span class='ocr_line' id='line_1_32' title="bbox 578 3511 1930 3616; baseline 0.007 -29"><span class='ocrx_word' id='word_1_308' title='bbox 578 3516 686 3597; x_wconf 78' lang='lat' dir='ltr'>clius,</span> <span class='ocrx_word' id='word_1_309' title='bbox 713 3513 892 3612; x_wconf 89' lang='lat' dir='ltr'>Evangelii</span> <span class='ocrx_word' id='word_1_310' title='bbox 908 3515 1018 3613; x_wconf 87' lang='lat' dir='ltr'>gratia</span> <span class='ocrx_word' id='word_1_311' title='bbox 1030 3511 1187 3590; x_wconf 86' lang='lat' dir='ltr'>exclusos</span> <span class='ocrx_word' id='word_1_312' title='bbox 1203 3514 1360 3590; x_wconf 83' lang='lat' dir='ltr'>arbitror.</span> <span class='ocrx_word' id='word_1_313' title='bbox 1408 3519 1477 3589; x_wconf 89' lang='lat' dir='ltr'>Sed</span> <span class='ocrx_word' id='word_1_314' title='bbox 1488 3512 1634 3616; x_wconf 86' lang='lat' dir='ltr'>supplex</span> <span class='ocrx_word' id='word_1_315' title='bbox 1650 3519 1757 3593; x_wconf 90' lang='lat' dir='ltr'>adoro</span> <span class='ocrx_word' id='word_1_316' title='bbox 1769 3544 1849 3595; x_wconf 88' lang='lat' dir='ltr'>eam</span> <span class='ocrx_word' id='word_1_317' title='bbox 1860 3522 1930 3597; x_wconf 89' lang='lat' dir='ltr'>Dei</span> 
     </span>
     <span class='ocr_line' id='line_1_33' title="bbox 577 3606 1931 3714; baseline 0.006 -28"><span class='ocrx_word' id='word_1_318' title='bbox 577 3608 859 3713; x_wconf 88' lang='lat' dir='ltr'>providentiam,</span> <span class='ocrx_word' id='word_1_319' title='bbox 887 3634 969 3708; x_wconf 79' lang='lat' dir='ltr'>quae</span> <span class='ocrx_word' id='word_1_320' title='bbox 983 3632 1055 3685; x_wconf 87' lang='lat' dir='ltr'>tam</span> <span class='ocrx_word' id='word_1_321' title='bbox 1075 3608 1167 3686; x_wconf 85' lang='lat' dir='ltr'>valla</span> <span class='ocrx_word' id='word_1_322' title='bbox 1187 3632 1352 3685; x_wconf 89' lang='lat' dir='ltr'>terrarum</span> <span class='ocrx_word' id='word_1_323' title='bbox 1366 3606 1471 3710; x_wconf 86' lang='lat' dir='ltr'>spatia</span> <span class='ocrx_word' id='word_1_324' title='bbox 1500 3615 1707 3714; x_wconf 87' lang='lat' dir='ltr'>frequentati</span> <span class='ocrx_word' id='word_1_325' title='bbox 1729 3639 1815 3691; x_wconf 89' lang='lat' dir='ltr'>tunc</span> <span class='ocrx_word' id='word_1_326' title='bbox 1832 3618 1931 3695; x_wconf 72' lang='lat' dir='ltr'>orbis</span> 
     </span>
     <span class='ocr_line' id='line_1_34' title="bbox 577 3702 1932 3805; baseline 0.007 -25"><span class='ocrx_word' id='word_1_327' title='bbox 577 3708 788 3787; x_wconf 82' lang='lat' dir='ltr'>commercio</span> <span class='ocrx_word' id='word_1_328' title='bbox 805 3702 971 3793; x_wconf 80' lang='lat' dir='ltr'>exclubt3·</span> <span class='ocrx_word' id='word_1_329' title='bbox 991 3708 1103 3784; x_wconf 87' lang='lat' dir='ltr'>donec</span> <span class='ocrx_word' id='word_1_330' title='bbox 1121 3708 1350 3805; x_wconf 86' lang='lat' dir='ltr'>navigationis</span> <span class='ocrx_word' id='word_1_331' title='bbox 1367 3706 1534 3785; x_wconf 88' lang='lat' dir='ltr'>beneficio</span> <span class='ocrx_word' id='word_1_332' title='bbox 1546 3712 1652 3787; x_wconf 87' lang='lat' dir='ltr'>nollri</span> <span class='ocrx_word' id='word_1_333' title='bbox 1671 3714 1796 3788; x_wconf 90' lang='lat' dir='ltr'>mundi</span> <span class='ocrx_word' id='word_1_334' title='bbox 1811 3713 1932 3790; x_wconf 87' lang='lat' dir='ltr'>homi·</span> 
     </span>
     <span class='ocr_line' id='line_1_35' title="bbox 577 3800 1930 3910; baseline 0.004 -28"><span class='ocrx_word' id='word_1_335' title='bbox 577 3806 682 3882; x_wconf 79' lang='lat' dir='ltr'>nibus</span> <span class='ocrx_word' id='word_1_336' title='bbox 704 3803 955 3905; x_wconf 81' lang='lat' dir='ltr'>jungerentur,</span> <span class='ocrx_word' id='word_1_337' title='bbox 982 3826 1088 3903; x_wconf 88' lang='lat' dir='ltr'>atque</span> <span class='ocrx_word' id='word_1_338' title='bbox 1106 3806 1155 3878; x_wconf 87' lang='lat' dir='ltr'>ita</span> <span class='ocrx_word' id='word_1_339' title='bbox 1171 3800 1410 3879; x_wconf 84' lang='lat' dir='ltr'>transfretandi</span> <span class='ocrx_word' id='word_1_340' title='bbox 1430 3822 1574 3907; x_wconf 90' lang='lat' dir='ltr'>quoque</span> <span class='ocrx_word' id='word_1_341' title='bbox 1594 3811 1776 3910; x_wconf 86' lang='lat' dir='ltr'>Evangelii</span> <span class='ocrx_word' id='word_1_342' title='bbox 1798 3809 1930 3888; x_wconf 81' lang='lat' dir='ltr'>occasio</span> 
     </span>
     <span class='ocr_line' id='line_1_36' title="bbox 579 3896 1932 4008; baseline 0.005 -30"><span class='ocrx_word' id='word_1_343' title='bbox 579 3896 781 3978; x_wconf 82' lang='lat' dir='ltr'>nasceretur.</span> <span class='ocrx_word' id='word_1_344' title='bbox 833 3902 1096 4006; x_wconf 75' lang='lat' dir='ltr'>Umqmtque</span> <span class='ocrx_word' id='word_1_345' title='bbox 1113 3923 1182 3975; x_wconf 85' lang='lat' dir='ltr'>rem</span> <span class='ocrx_word' id='word_1_346' title='bbox 1195 3898 1365 4001; x_wconf 79' lang='lat' dir='ltr'>pulchram</span> <span class='ocrx_word' id='word_1_347' title='bbox 1379 3898 1465 3996; x_wconf 73' lang='lat' dir='ltr'>flacit</span> <span class='ocrx_word' id='word_1_348' title='bbox 1486 3906 1644 3999; x_wconf 78' lang='lat' dir='ltr'>Deursuo</span> <span class='ocrx_word' id='word_1_349' title='bbox 1659 3926 1813 4008; x_wconf 76' lang='lat' dir='ltr'>tcarpore.</span> <span class='ocrx_word' id='word_1_350' title='bbox 1835 3909 1932 3988; x_wconf 83' lang='lat' dir='ltr'>Ectl.</span> 
     </span>
     <span class='ocr_line' id='line_1_37' title="bbox 584 4021 1829 4078; baseline -0.004 0"><span class='ocrx_word' id='word_1_351' title='bbox 584 4022 679 4078; x_wconf 82' lang='lat'>111:</span> <span class='ocrx_word' id='word_1_352' title='bbox 701 4024 759 4074; x_wconf 81' lang='lat'>11·</span> <span class='ocrx_word' id='word_1_353' title='bbox 833 4068 836 4072; x_wconf 81' lang='grc'><strong><em>.</em></strong></span> <span class='ocrx_word' id='word_1_354' title='bbox 1821 4021 1829 4030; x_wconf 85' lang='grc'><strong>”</strong></span> 
     </span>
     <span class='ocr_line' id='line_1_38' title="bbox 405 4096 1932 4203; baseline 0.011 -36"><span class='ocrx_word' id='word_1_355' title='bbox 405 4113 515 4188; x_wconf 70' lang='lat' dir='ltr'>xxm,</span> <span class='ocrx_word' id='word_1_356' title='bbox 678 4098 818 4169; x_wconf 84' lang='lat' dir='ltr'><strong>XXIV.</strong></span> <span class='ocrx_word' id='word_1_357' title='bbox 844 4098 976 4170; x_wconf 89' lang='lat' dir='ltr'>Verum</span> <span class='ocrx_word' id='word_1_358' title='bbox 996 4096 1035 4169; x_wconf 88' lang='lat'>&amp;</span> <span class='ocrx_word' id='word_1_359' title='bbox 1050 4114 1170 4171; x_wconf 86' lang='lat' dir='ltr'>caetera</span> <span class='ocrx_word' id='word_1_360' title='bbox 1200 4099 1414 4173; x_wconf 88' lang='lat' dir='ltr'>excutiamus</span> <span class='ocrx_word' id='word_1_361' title='bbox 1438 4124 1519 4198; x_wconf 83' lang='lat' dir='ltr'>quae</span> <span class='ocrx_word' id='word_1_362' title='bbox 1536 4100 1581 4175; x_wconf 85' lang='lat' dir='ltr'>de</span> <span class='ocrx_word' id='word_1_363' title='bbox 1606 4100 1786 4203; x_wconf 83' lang='lat' dir='ltr'>Apostolis</span> <span class='ocrx_word' id='word_1_364' title='bbox 1806 4104 1932 4184; x_wconf 81' lang='lat' dir='ltr'>orbem</span> 
     </span>
     <span class='ocr_line' id='line_1_39' title="bbox 405 4188 1932 4350; baseline 0.005 -80"><span class='ocrx_word' id='word_1_365' title='bbox 405 4198 476 4350; x_wconf 60' lang='lat' dir='ltr'>fige</span> <span class='ocrx_word' id='word_1_366' title='bbox 487 4189 572 4292; x_wconf 65' lang='grc' dir='ltr'>ῤ’Ᾱ·</span> <span class='ocrx_word' id='word_1_367' title='bbox 580 4193 671 4270; x_wconf 91' lang='lat' dir='ltr'>inter</span> <span class='ocrx_word' id='word_1_368' title='bbox 691 4188 725 4265; x_wconf 90' lang='lat' dir='ltr'>se</span> <span class='ocrx_word' id='word_1_369' title='bbox 747 4212 913 4266; x_wconf 88' lang='lat' dir='ltr'>terrarum</span> <span class='ocrx_word' id='word_1_370' title='bbox 934 4193 1099 4291; x_wconf 87' lang='lat' dir='ltr'>partitis,</span> <span class='ocrx_word' id='word_1_371' title='bbox 1124 4216 1304 4280; x_wconf 89' lang='lat' dir='ltr'>veterum,</span> <span class='ocrx_word' id='word_1_372' title='bbox 1332 4193 1355 4271; x_wconf 89' lang='lat' dir='ltr'>sr</span> <span class='ocrx_word' id='word_1_373' title='bbox 1377 4200 1485 4271; x_wconf 93' lang='lat' dir='ltr'>modo</span> <span class='ocrx_word' id='word_1_374' title='bbox 1503 4218 1689 4285; x_wconf 87' lang='lat' dir='ltr'>veterum,</span> <span class='ocrx_word' id='word_1_375' title='bbox 1717 4202 1860 4278; x_wconf 87' lang='lat' dir='ltr'>tradunt</span> <span class='ocrx_word' id='word_1_376' title='bbox 1875 4202 1932 4278; x_wconf 91' lang='lat' dir='ltr'>bi·</span> 
     </span>
     <span class='ocr_line' id='line_1_40' title="bbox 405 4279 1932 4410; baseline 0.007 -44"><span class='ocrx_word' id='word_1_377' title='bbox 405 4279 566 4410; x_wconf 44' lang='lat' dir='ltr'>lxm</span> <span class='ocrx_word' id='word_1_378' title='bbox 582 4292 760 4367; x_wconf 89' lang='lat' dir='ltr'>llotiarum</span> <span class='ocrx_word' id='word_1_379' title='bbox 780 4312 1016 4367; x_wconf 89' lang='lat' dir='ltr'>monumenta.</span> <span class='ocrx_word' id='word_1_380' title='bbox 1067 4292 1187 4368; x_wconf 88' lang='lat' dir='ltr'>Nimis</span> <span class='ocrx_word' id='word_1_381' title='bbox 1205 4290 1284 4368; x_wconf 78' lang='lat' dir='ltr'>fitne</span> <span class='ocrx_word' id='word_1_382' title='bbox 1310 4294 1503 4370; x_wconf 88' lang='lat' dir='ltr'>erudito&amp;</span> <span class='ocrx_word' id='word_1_383' title='bbox 1529 4296 1678 4372; x_wconf 86' lang='lat' dir='ltr'>delicato</span> <span class='ocrx_word' id='word_1_384' title='bbox 1698 4295 1817 4375; x_wconf 88' lang='lat' dir='ltr'>seculo</span> <span class='ocrx_word' id='word_1_385' title='bbox 1840 4302 1932 4377; x_wconf 86' lang='lat' dir='ltr'>vivi·</span> 
     </span>
    </p>
   </div>
   <div class='ocr_carea' id='block_1_3' title="bbox 401 4389 1933 4575">
    <p class='ocr_par' dir='ltr' id='par_1_3' title="bbox 401 4389 1933 4575">
     <span class='ocr_line' id='line_1_41' title="bbox 401 4389 1931 4575; baseline -0.008 -92"><span class='ocrx_word' id='word_1_386' title='bbox 401 4411 680 4503; x_wconf 53' lang='lat' dir='ltr'>sumammuh</span> <span class='ocrx_word' id='word_1_387' title='bbox 705 4409 814 4487; x_wconf 85' lang='lat' dir='ltr'>quam</span> <span class='ocrx_word' id='word_1_388' title='bbox 829 4408 870 4463; x_wconf 89' lang='lat' dir='ltr'>ut</span> <span class='ocrx_word' id='word_1_389' title='bbox 895 4406 966 4466; x_wconf 81' lang='lat' dir='ltr'>tarn</span> <span class='ocrx_word' id='word_1_390' title='bbox 988 4392 1143 4468; x_wconf 86' lang='lat' dir='ltr'>inanium</span> <span class='ocrx_word' id='word_1_391' title='bbox 1156 4389 1357 4484; x_wconf 18' lang='lat' dir='ltr'>,rabidarum</span> <span class='ocrx_word' id='word_1_392' title='bbox 1376 4396 1607 4484; x_wconf 89' lang='lat' dir='ltr'>commentis,</span> <span class='ocrx_word' id='word_1_393' title='bbox 1633 4397 1755 4498; x_wconf 88' lang='lat' dir='ltr'>quales</span> <span class='ocrx_word' id='word_1_394' title='bbox 1773 4398 1820 4474; x_wconf 91' lang='lat' dir='ltr'>de</span> <span class='ocrx_word' id='word_1_395' title='bbox 1825 4403 1931 4575; x_wconf 48' lang='lat' dir='ltr'>¹appo·</span> 
     </span>
     <span class='ocr_line' id='line_1_42' title="bbox 1168 4521 1933 4573; baseline -0.014 11"><span class='ocrx_word' id='word_1_396' title='bbox 1168 4541 1173 4550; x_wconf 62' lang='grc'>’</span> <span class='ocrx_word' id='word_1_397' title='bbox 1852 4521 1933 4573; x_wconf 89' lang='lat' dir='ltr'>oo·</span> 
     </span>
    </p>
   </div>
   <div class='ocr_carea' id='block_1_4' title="bbox 0 0 2345 5442">
    <p class='ocr_par' dir='ltr' id='par_1_4' title="bbox 0 0 2345 5442">
     <span class='ocr_line' id='line_1_43' title="bbox 0 0 2345 5442; baseline 0 0"><span class='ocrx_word' id='word_1_398' title='bbox 0 0 2345 5442; x_wconf 95' lang='lat' dir='ltr'> </span> 
     </span>
    </p>
   </div>
  </div>
 </body>
</html>
