4667 5442
564 494 972 592 irrisorii
1027 465 1553 616 Hr'rnossorrna.
1683 513 1788 602 211

387 732 388 754 q
434 654 514 759 lege
544 657 773 747 decresceret,
801 670 934 761 iretque
962 665 999 736 in
1029 666 1138 762 pejus.
1189 664 1230 737 ld
1258 664 1356 761 quod
1379 664 1531 763 profesto
1551 661 1939 762 lmgeaest·inhwns;
2026 725 2030 731 .

438 758 640 832 conditione
662 787 775 834 retum
796 761 1022 836 humanari'im
1042 757 1284 834 miserrimum.
1334 762 1582 835 Florentissima
1605 764 1721 860 itaque
1733 754 1954 848 ur-,swd0s0·

437 853 560 938 bium,
588 860 644 930 cui
663 859 780 930 David
793 858 1028 953 Salomoque,
1054 852 1187 930 summa
1212 859 1338 933 virtute
1359 881 1463 956 atque
1484 859 1664 956 prudentia
1679 886 1713 933 re
1741 884 1787 939 es,
1800 829 1952 963 2¹:232&

398 973 403 978 ·
435 976 558 1048 pacem
584 949 691 1026 altam
711 955 749 1028 &
768 951 917 1029 securam
939 951 1283 1037 confecerant,‘haut
1302 954 1364 1025 diu
1373 953 1545 1053 quiescere
1555 958 1682 1053 potuit.
1711 884 1953 1057 {te-faras&

437 1049 538 1131 nim,
566 1050 727 1123 defunslo
746 1052 954 1132 Salomone,
983 1047 1041 1121 etsi
1055 1050 1187 1124 hostem
1211 1052 1293 1123 soris
1310 1076 1380 1122 non
1403 1050 1569 1133 habebat,
1596 1074 1709 1124 tamen
1726 1054 1793 1125 do·
1924 1110 1930 1119 .

436 1148 490 1217 mi
515 1150 651 1245 reperit.
703 1148 931 1247 Jeroboamus
944 1150 996 1219 vir
1013 1143 1138 1245 sagax,
1167 1149 1364 1243 inquietus,
1393 1147 1641 1221 &dominandi
1656 1150 1790 1231 avidus,

439 1240 658 1341 ingentisque
679 1240 749 1342 spei
769 1245 914 1343 plenus,
942 1268 995 1316 res
1018 1269 1125 1316 novas
1135 1245 1253 1316 moliri
1268 1246 1384 1340 coepit,
1435 1244 1557 1316 Fultus
1575 1245 1680 1341 igitur
1698 1248 1793 1342 opti·
1842 1275 1844 1280 ·

435 1363 572 1412 matum
589 1342 725 1422 favore,
753 1366 791 1413 ac
815 1339 925 1413 studio
946 1340 1006 1412 vul
1036 1342 1069 1422 ',
1098 1342 1182 1436 qui,
1209 1336 1267 1411 sua
1290 1336 1410 1436 sponte
1432 1363 1618 1413 contumax
1634 1338 1793 1414 adversus

437 1439 670 1534 imperantes,
697 1437 767 1510 levi
779 1448 963 1509 'momento
984 1462 1002 1508 a
1045 1436 1269 1510 rebellionem
1290 1436 1502 1533 impellitur,
1531 1433 1683 1535 specioso
1704 1465 1793 1537 prae·

436 1555 562 1615 textu,
590 1560 694 1621 onera
724 1534 859 1633 pridem
885 1532 1019 1631 populo
1050 1531 1207 1630 imposita
1232 1534 1341 1604 minui
1363 1536 1475 1630 petiit.
1526 1531 1794 1618 Rehabeamus,

436 1626 636 1704 Salomonis
657 1628 746 1703 filius
772 1654 876 1728 atque
897 1624 1080 1710 successor,
1109 1625 1221 1726 spreto
1231 1628 1403 1703 seniorum
1414 1618 1575 1711 consilio,
1604 1654 1694 1727 quos
1713 1631 1793 1724 lon·

435 1750 485 1826 ga
503 1751 615 1810 aetas,
643 1730 681 1799 &
701 1730 923 1826 negotiorum
944 1723 1023 1797 usus
1040 1726 1188 1798 idoneos
1207 1725 1328 1797 dandis
1356 1722 1503 1799 consiliis
1526 1727 1672 1810 fecerat,
1703 1723 1792 1826 (qui

439 1850 513 1898 uno
531 1822 717 1897 suadebant
735 1850 795 1897 ote
805 1871 820 1920 ζ
843 1844 883 1895 ut
892 1825 993 1895 unius
1004 1822 1073 1895 dici
1090 1818 1258 1920 obsequio
1273 1818 1410 1899 firmum
1429 1848 1465 1896 ac
1485 1823 1688 1898 diuturnum
1701 1851 1792 1897 mer-

439 1945 572 1994 caretur
586 1923 797 2018 imperium)
822 1918 865 1993 ab
884 1920 1101 2017 aequalibus,
1129 1942 1312 2016 rerumque
1324 1922 1378 1991 -im
1405 1921 1498 1992 eritis
1512 1919 1710 2017 instigatus,
1741 1920 1791 1995 f·

437 2019 562 2091 rociter
575 2014 750 2114 respondit
770 2044 782 2104 3
814 2020 1000 2090 minimum
1016 2011 1116 2088 suum
1132 2016 1282 2114 digitum
1305 1945 1493 2089 crassiorem
1506 2018 1578 2089 sore
1592 2020 1719 2094 lumbis
1730 2043 1791 2117 pa-

438 2117 521 2187 tris:
550 2110 759 2187 intensurum
771 2110 805 2186 se
821 2116 1027 2211 gravitatem
1038 2114 1133 2212 jugi:
1160 2135 1294 2211 patrem
1315 2099 1482 2209 flagelll's,
1506 2110 1539 2185 se
1555 2109 1791 2213 scorpionibus

436 2215 473 2284 in
490 2235 549 2283 eos
569 2208 906 2297 animadversurum
930 2234 1034 2307 atque
1046 2212 1106 2302 ἡ
1122 2208 1336 2281 domiturum
1347 2210 1441 2282 istam
1454 2210 1620 2308 querendi
1633 2212 1792 2309 petendi·
1838 2257 1841 2263 ,

441 2333 512 2404 quc
531 2310 790 2381 contumaciam.
842 2316 928 2386 Non
947 2309 1063 2404 potuit
1080 2306 1290 2405 Jeroboamo
1308 2306 1458 2403 optatior
1480 2303 1631 2381 subnasci
1647 2303 1788 2382 occasio.

438 2409 549 2476 Denae
571 2405 664 2477 enini
684 2430 729 2477 ex
749 2404 921 2477 duodenis
932 2404 1109 2484 tribubus,
1133 2425 1205 2474 tani
1228 2402 1380 2475 trucibus
1397 2399 1600 2504 exasperatae
1612 2400 1789 2503 responsis,

438 2496 616 2574 secessione
645 2527 665 2572 a
692 2501 799 2572 domo
832 2500 979 2573 Davidis
1000 2501 1105 2581 fasta,
1134 2498 1292 2572 lubentes
1311 2495 1344 2571 se
1370 2503 1611 2600 Jeroboamo,
1651 2502 1791 2597 egregio

426 2600 608 2671 ‘nimirum
627 2597 795 2670 libertatis
817 2598 969 2678 vindici,
998 2591 1192 2669 submisere.
1245 2603 1277 2667 ls
1313 2600 1411 2694 regni
1432 2601 1599 2697 potitus,
1628 2594 1791 2671 Sicimatn

438 2694 598 2767 condidit
613 2695 649 2766 in
667 2695 840 2766 montanis
864 2691 1046 2790 Ephraim,
1075 2719 1182 2790 quani
1200 2693 1331 2790 regiam
1348 2688 1411 2767 elle
1439 2695 1564 2768 voluit.
1615 2700 1733 2792 Atque
1743 2694 1791 2767 ita

437 2790 681 2880 Hieroftisma,
708 2815 789 2888 quae
815 2814 922 2888 nuper
943 2792 1050 2862 totius
1080 2786 1251 2864 lsra'e'litici
1285 2793 1381 2889 tegni
1408 2790 1612 2890 metropolis
1643 2790 1753 2864 suerat
1776 2832 1819 2872 ,-

437 2914 510 2961 non
536 2883 598 2959 nisi
617 2887 762 2959 duarum
778 2889 932 2960 tribuum
951 2887 1158 2986 metropolis
1173 2882 1305 2962 mansit.
1356 2890 1465 2978 Quod
1494 2890 1621 2988 grande
1647 2886 1713 2961 fuit
1736 2888 1792 2961 di·

439 2986 580 3085 gnitatis
603 2983 873 3059 decrementum.
1909 3032 1913 3043 ·

538 3084 680 3154 XXXI.
732 3088 780 3154 At
809 3107 870 3154 nec
890 3084 978 3156 intra
996 3079 1062 3155 hos
1084 3084 1252 3156 terminos
1274 3081 1491 3156 nobilissimae
1515 3082 1608 3154 urbis
1650 3049 1974 3196 calami-ffb?

439 3200 491 3253 tas
517 3176 617 3251 stetit.
668 3176 890 3250 Rehabeamo
921 3181 1014 3250 enim
1041 3179 1155 3274 legem
1179 3183 1247 3250 Dei
1276 3178 1514 3274 relinquente,
1542 3180 1667 3274 quinto
1696 3176 1906 3280 regnispnfm
1928 3222 1947 3259 ,

438 3301 553 3355 anno,
581 3271 670 3347 Sisac
690 3278 835 3372 AEgypti
849 3299 911 3345 rex
930 3300 1009 3344 cum
1027 3277 1086 3369 ing
1149 3274 1225 3345 'bus
1245 3274 1355 3368 copiis
1368 3269 1525 3344 adversus
1538 3272 1904 3365 fflaosisymamssacp,
1920 3272 1969 3336 ὢ

435 3375 576 3450 movit,
605 3371 834 3442 munitissimis
855 3368 956 3468 Judae
978 3299 1193 3449 civitatiffit,
1221 3365 1329 3466 ipsam
1346 3368 1480 3464 imperii
1498 3392 1610 3438 arcem
1624 3363 1873 3440 obsessumssffl
1898 3373 1971 3433 ''8‘0

439 3471 550 3541 venit.
602 3475 641 3539 ln
662 3488 755 3537 tauta
769 3491 882 3538 reruni
902 3466 1128 3563 trepidatione
1145 3491 1206 3538 rex
1224 3461 1448 3563 proceresque
1468 3464 1687 3560 Hierosolyma
1708 3491 1793 3538 con·

439 3562 569 3638 sulcum
590 3564 782 3644 duxerunt,
808 3564 925 3660 potius
954 3586 1060 3659 quam
1085 3586 1238 3635 extrema
1273 3564 1539 3660 experirentur,
1568 3558 1793 3660 AEgyptiose

436 3659 658 3742 submittere,
691 3661 856 3757 urbisque
884 3659 1177 3757 depraedationem
1194 3683 1317 3757 magna
1336 3660 1408 3730 auri
1428 3660 1463 3730 vi
1490 3658 1671 3732 redimere.
1723 3663 1796 3737 Cui

469 3784 551 3830 uuni
571 3784 610 3829 ea
629 3783 708 3855 quae
730 3759 766 3829 in
782 3780 923 3855 promtu
933 3780 1027 3829 erant
1044 3783 1088 3830 ex
1098 3759 1217 3830 aerario
1236 3756 1378 3854 publico
1392 3780 1461 3828 non
1477 3750 1688 3839 sufficerent,
1716 3757 1794 3831 the·

436 3786 527 3932 sauri
549 3857 675 3927 domus
696 3856 819 3952 regiae,
847 3856 943 3934 imo,
978 3854 1076 3952 quod
1092 3850 1342 3935 miserrimum,
1370 3847 1516 3925 thesauri
1539 3853 1666 3926 domus
1692 3857 1791 3939 Dei,

440 3949 598 4055 praesenti
616 3951 797 4024 necessitati
818 3950 973 4049 impendi
991 3951 1193 4023 debuerunt
1243 3955 1287 4021 Et
1306 3975 1386 4047 quae
1414 3951 1612 4023 Salomonis
1638 3952 1794 4042 majesta-

441 4076 514 4125 tem
534 4073 606 4122 tam
636 4044 814 4146 splendide
838 4048 1078 4137 decorayerant
1095 4043 1188 4119 scuta
1207 4072 1336 4127 aurea,
1360 4072 1399 4120 ea
1418 4043 1530 4119 Sisaco
1559 4042 1700 4123 cellere:
1728 4059 1813 4148 pro'

443 4148 573 4246 quibus
599 4171 685 4219 aerea
703 4141 899 4217 substituere
909 4149 1055 4217 -coastus
1070 4142 1117 4214 est
1135 4141 1345 4218 Rehabcam.
1396 4143 1497 4216 Adeo
1514 4142 1608 4217 fluxa
1630 4150 1667 4218 &
1687 4146 1796 4219 incer·

439 4268 476 4319 ta
512 4269 565 4317 res
602 4267 711 4340 opum
744 4235 899 4339 possessio
934 4240 993 4316 est.
1066 4246 1184 4329 Quam
1221 4242 1397 4313 civitatem
1434 4240 1600 4314 Salomon
1631 4244 1795 4315 omnibus

439 4336 587 4422 sortasse,
601 4366 682 4438 quae
704 4363 785 4411 tunc
805 4359 898 4411 erant
916 4340 1026 4410 totius
1049 4337 1141 4409 orbis
1168 4336 1334 4419 urbibus,
1361 4359 1526 4437 argento,
1552 4364 1657 4419 auro,
1696 4363 1796 4438 gem·

439 4440 508 4517 mis
534 4432 689 4513 effecerat
706 4434 891 4523 ditiorem,
917 4460 994 4511 eam
1010 4438 1074 4516 vix
1090 4458 1160 4506 uno
1170 4429 1285 4531 elapso
1294 4431 1401 4511 lustro
1419 4460 1557 4514 exacuo
1577 4462 1702 4513 aeream
1715 4427 1797 4506 effe·

1099 4530 1171 4607 Dd
1193 4555 1219 4609 2
1750 4530 1797 4605 cit
