4667 5442
1396 786 1528 858 DE
1579 785 2196 861 1³R1N011³113
2248 786 2541 863 FIDEI
2587 791 3141 889 JUDAICAE.
3543 815 3638 891 ⁶9

909 989 1214 1067 nepotes,
1260 992 1343 1039 ne
1378 963 1594 1040 fabula
1625 963 2094 1068 fierentvulgo.
2136 1055 2141 1060 ¹
2197 973 2306 1043 De
2343 968 2831 1044 Muhammedis
2847 972 3174 1049 Alcorano
3201 975 3512 1078 illiusque
3532 986 3637 1054 in-

910 1064 1302 1166 terpretibus
1333 1070 1398 1137 id
1435 1064 1797 1142 observavit
1819 1069 2147 1168 stupendae
2178 1073 2561 1144 eruditionis
2591 1076 2692 1144 vir
2722 1078 3224 1171 Hennflotting.
3247 1081 3547 1174 Orie.p.8
3567 1105 3646 1170 ς.-

912 1165 1191 1240 Paradifi
1226 1166 1318 1239 sui
1356 1166 1615 1241 delicias
1649 1168 1874 1268 planus
1909 1169 2018 1240 ille
2042 1168 2404 1269 corporales
2437 1180 2507 1245 &
2558 1196 2863 1246 venereas
2894 1223 2917 1255 ‚
2966 1172 3324 1274 pecudibus
3351 1180 3640 1279 denique·

914 1290 1115 1365 quam
1157 1265 1361 1340 beatis
1394 1272 1737 1367 'digniores
1771 1320 1791 1351 ,
1857 1269 2180 1345 statuerat.
2297 1272 2539 1343 Posteri
2588 1297 2743 1346 vero
2789 1280 2967 1369 ejus,
3043 1274 3419 1376 Philosophi
3456 1306 3628 1353 com·

908 1373 1185 1469 primis,
1233 1366 1562 1442 sententiae
1594 1370 1782 1465 hujus
1799 1367 2256 1443 absurditatem
2289 1375 2620 1454 videntes.
2673 1371 2876 1445 multa
2913 1374 3019 1448 hic
3041 1377 3122 1448 de
3155 1377 3465 1476 spirituali
3482 1377 3639 1454 bea·-

915 1471 1200 1542 titudine
1228 1469 1565 1549 difluere,
1615 1494 1813 1566 quam
1829 1467 2067 1543 scilicet
2098 1467 2532 1564 Muhammed
2563 1470 3100 1547 hisceinvolucris
3125 1475 3631 1557 adumbraverit.

911 1568 1102 1642 Idem
1138 1566 1506 1643 observavit
1534 1579 1603 1644 δι
1633 1569 1939 1663 Hacspan.
1969 1591 2033 1664 p.
2072 1594 2237 1664 352.
2345 1573 2645 1669 Itemque
2679 1572 2930 1646 Voe‘tius
2943 1574 3153 1668 disput.
3188 1579 3634 1654 deMuhamm.

920 1669 1086 1755 ‘Iberi
1108 1693 1207 1744 iv.
1309 1672 1446 1766 Qui
1487 1668 1663 1742 hunc
1688 1674 2078 1768 quorumvis
2111 1672 2501 1769 Agyrtarum
2533 1668 2655 1744 esse
2686 1676 2956 1771 genium
2986 1685 3054 1748 δι
3091 1673 3473 1751 methodum
3513 1677 3640 1750 ibi-

919 1772 1075 1843 dem
1113 1767 1251 1843 fuse
1274 1797 1348 1842 ac
1372 1769 1729 1843 luculenter
1773 1770 2069 1846 ostendit.
2168 1775 2472 1870 Conjicio
2503 1774 2678 1843 idem
2704 1774 2943 1869 Judaeis
2973 1779 3370 1876 contingere.
3435 1780 3643 1853 Pudet

918 1879 993 1946 δι
1025 1873 1204 1969 piget
1237 1863 1406 1969 ipsos
1442 1891 1573 1944 tam
1611 1867 2057 1948 insubidarum
2102 1875 2481 1947 naeniarum
2585 1874 2768 1943 Hinc
2792 1875 2871 1943 ad
2916 1876 3385 1969 iauyufomvtm
3414 1878 3641 1953 confu-

919 1973 1155 2072 giunt,
1184 1969 1337 2043 alias
1373 1968 1485 2044 ubi
1501 1967 1646 2069 ipsis
1674 1970 1892 2055 obest,
1924 1993 2258 2073 tantopere
2279 1975 2648 2046 damnatam
2664 1975 2929 2062 Menaffl
2951 1980 3019 2048 de
3039 1976 3219 2067 resur.
3253 1979 3387 2050 Lib.
3418 2002 3466 2052 1.
3488 1988 3637 2074 Cap.

914 2092 1019 2144 vi.
1121 2075 1273 2145 Nec
1308 2092 1466 2171 puto
1496 2071 1622 2146 hoc
1678 2095 1925 2145 temere
1956 2069 2105 2172 ipfis
2132 2074 2651 2148 concedendum.
2755 2074 3023 2175 Qippe
3079 2104 3122 2147 v
3164 2074 3286 2149 lint
3318 2078 3530 2151 nolint
3567 2103 3641 2154 2.

918 2168 1145 2246 Multa
1167 2175 1209 2247 ὲ
1240 2171 1430 2245 nobis
1461 2168 1650 2272 supra
1697 2176 1887 2246 citata
1925 2180 2198 2247 omnino
2243 2177 2323 2245 ad
2360 2172 2640 2246 litteram
2685 2176 2853 2245 sumi
2907 2173 3150 2247 debent
3172 2226 3191 2257 ,
3242 2202 3366 2250 nec
3391 2179 3643 2278 poffunt

916 2269 1050 2346 alio
1086 2276 1485 2369 detorqueri.
1570 2272 1675 2344 Est
1687 2278 2173 2439 Ltyronnemo,;1ui
2211 2277 2585 2440 annotabvit,
2631 2274 2820 2388 quod·
2838 2269 3102 2347 sollicite
3124 2278 3194 2344 in
3225 2276 3546 2366 Talmude
3562 2280 3645 2350 de

918 2372 1426 2548 ffssffssfdlk
1453 2364 2436 2558 {2¹‘13‘5stff20b231‘3212ffi52313„
2468 2373 2714 2568 ¹332
2727 2375 3118 2571 ‘25:1²3'ss
3135 2373 3649 2552 2:232*ssss

920 2597 1055 2648 ant.
1158 2576 1302 2649 Imo
1323 2571 1673 2672 aliquando
1703 2596 1783 2643 ea
1808 2566 1876 2644 se
1907 2570 2130 2646 vidisse
2161 2591 2460 2650 narrant,
2517 2593 2663 2668 quae
2695 2593 2825 2645 tota
2861 2593 3091 2644 natura
3111 2577 3443 2647 convincit
3459 2601 3646 2650 men..

919 2675 1114 2750 dacii.
1217 2672 1442 2747 Verbi
1472 2677 1679 2773 gratia
1705 2721 1724 2751 ‚
1760 2671 1839 2742 de
1869 2697 2022 2743 rana
2068 2671 2183 2742 ista
2220 2696 2369 2768 quae
2419 2691 2593 2741 tanta
2628 2695 2762 2744 erat
2804 2691 3083 2768 quantus
3107 2700 3309 2773 pagus
3341 2676 3644 2774 Hagero-

914 2780 1091 2856 niae,
1139 2777 1479 2847 continens
1508 2791 1627 2846 Lx,
1661 2774 1921 2851 domos.
1970 2771 2266 2869 serpente
2289 2772 2402 2860 qui
2420 2793 2642 2841 ranam
2659 2769 3095 2868 deglutiebat‚
3127 2800 3323 2848 corvo
3358 2775 3646 2874 denique

979 2880 1046 2949 ui
1082 2871 1470 2971 serpentem.
1574 2873 1780 2945 Addit
1804 2867 1963 2944 Raf.
2006 2876 2177 2970 Papa
2204 2870 2407 2937 imm
2453 2853 2559 2936 &1'7
2593 2874 2758 2937 ῦΠΠ
2795 2873 2958 2939 ’ΜΠ
3016 2854 3122 2940 &²7
3170 2874 3396 2946 ΞΝ.
3501 2875 3654 2968 Νῂῖ

910 2899 1152 3068 gniffem
1185 2975 1266 3047 ibi
1298 2981 1324 3064 (
1358 2976 1648 3073 adeoque
1681 2969 2026 3061 vidissem)
2061 2996 2174 3045 non
2200 2973 2507 3045 crederem.
2613 2970 2795 3068 Quid
2822 2970 2985 3042 vidit
3012 2970 3126 3043 iste
3141 2975 3450 3073 nugator?
3467 2977 3652 3080 Qid

919 3077 1179 3161 credit?
1209 3071 1506 3177 Ignoscat
1543 3071 1713 3147 mihi
1749 3098 1898 3148 vera
1929 3076 2197 3148 dicenti.
2314 3072 2466 3144 Nec
2490 3094 2619 3169 ego
2650 3071 2893 3151 credo,
2938 3073 3094 3168 quia
3129 3097 3263 3144 non
3308 3078 3467 3149 vidi.
3524 3078 3653 3150 Sed

924 3198 1106 3252 tuam
1138 3178 1341 3253 fldem
1367 3176 1638 3275 Judaee?
1663 3200 1746 3246 an
1781 3174 1905 3248 hoc
1922 3176 2014 3248 est
2047 3169 2415 3274 parabolam
2446 3169 2754 3250 narrare?
2807 3193 2876 3265 3.
2931 3173 3144 3263 Dato,
3179 3198 3311 3247 non
3339 3177 3651 3260 concesso,

920 3276 1113 3353 sunto
1143 3275 1486 3378 parabolae.
1590 3282 1709 3347 An
1741 3299 1874 3346 non
1912 3274 2112 3347 futilis
2146 3273 2261 3344 isse
2294 3271 2574 3344 docendi
2618 3294 2760 3341 mos
2797 3272 2921 3346 est.
2974 3274 3064 3340 ita
3105 3295 3210 3341 eas
3232 3297 3651 3357 coacervare,

925 3400 1003 3452 ut
1032 3400 1230 3448 nemo
1262 3372 1402 3445 fere
1432 3371 1753 3469 intelligat
1783 3397 1919 3467 quo
1949 3369 2276 3467 spectent?
2320 3372 2501 3438 Nam
2530 3370 2600 3436 in
2647 3389 2869 3437 earum
2918 3367 3098 3437 lensu
3141 3371 3294 3437 inda
3344 3375 3511 3444 ando
3543 3377 3651 3444 vix

927 3497 1226 3572 unquam
1257 3472 1349 3544 est
1379 3493 1450 3544 ut
1471 3475 1868 3543 conveniant
1907 3468 2252 3542 Authores.
2356 3469 2552 3537 Sume
2580 3460 2836 3536 celebre
2875 3461 3032 3536 illud
3065 3468 3286 3536 Leviat
3340 3473 3476 3542 anis
3493 3494 3654 3542 con-

925 3580 1183 3651 vivium
1202 3629 1222 3664 ,
1271 3570 1455 3645 aliter
1484 3568 1775 3642 Menafle'
1800 3570 1865 3640 id
1885 3566 2196 3667 explicat,
2229 3563 2412 3638 aliter
2432 3560 2843 3647 Gaffarellus,
2880 3562 3064 3635 aliter
3094 3571 3190 3638 D.
3206 3570 3489 3642 Leusden.
3544 3572 3656 3642 An

928 3676 1071 3751 hoec
1085 3681 1234 3750 Deo
1261 3675 1461 3774 digna
1493 3666 1687 3750 sunt?
1726 3672 1832 3742 An
1858 3667 1995 3742 haec
2022 3667 2183 3770 legis
2217 3665 2464 3766 scriptae
2495 3664 2877 3764 explicatio,
2924 3665 3201 3765 decuplo
3228 3663 3369 3766 lege
3398 3665 3530 3769 ipsa
3549 3674 3654 3744 in.

926 3777 1302 3854 tricatiora?
1349 3776 1454 3845 An
1488 3796 1621 3846 non
1651 3773 1931 3869 impium
1969 3774 2176 3843 Sacris
2214 3767 2444 3840 litteris
2475 3769 2565 3838 ita
2598 3760 2941 3854 insultare,
2991 3773 3062 3839 &
3114 3767 3438 3842 adoranda
3457 3771 3658 3845 verba

933 3880 1258 3956 tremendi
1275 3879 1406 3949 Dei
1425 3875 1506 3946 ad
1545 3894 1675 3945 tam
1706 3868 2007 3972 profanas
2040 3894 2244 3969 nugas
2282 3864 2724 3966 detorquere?
2775 3865 2955 3965 Quid
2993 3866 3083 3938 est
3114 3891 3356 3940 nomen
3380 3875 3516 3968 ejus
3549 3869 3656 3947 su-

928 4005 1111 4055 mere
1145 3984 1215 4050 in
1247 4001 1489 4051 vanum
1518 3971 1564 4045 fi
1590 3998 1723 4046 non
1755 3970 1881 4045 hoc
1917 3968 2027 4045 fit?
2075 3974 2142 4044 Si
2175 3968 2734 4067 Theopompus&
2765 3965 3183 4040 TheodeGus
3216 3967 3425 4044 multo
3441 3971 3653 4049 adhuc

928 4081 1161 4158 oestius
1195 4088 1266 4154 &
1299 4080 1544 4151 cautius
1572 4075 1819 4147 Divina
1850 4069 2083 4172 scripta
2107 4073 2490 4157 tractantes,
2545 4071 2976 4141 temeritatem
3008 4088 3228 4141 tamen
3258 4065 3435 4144 suam
3482 4096 3657 4148 uter.

924 4205 1067 4284 que
1124 4204 1256 4255 tam
1290 4177 1507 4251 severe
1550 4174 1848 4256 luerunt,
1908 4195 1982 4248 ut
2010 4170 2170 4248 alter
2210 4174 2482 4271 triginta
2527 4169 2783 4241 dierum
2817 4164 3034 4247 rabie,
3103 4166 3265 4243 alter
3303 4169 3655 4252 scommate

1020 4281 1256 4356 rcuflus
1288 4277 1481 4378 justas
1496 4278 1775 4351 audaciae
1801 4272 1941 4350 suae·
2058 4297 2169 4347 nas
2186 4275 2475 4353 dederit3
2525 4269 2692 4367 quid
2719 4272 2800 4341 iis
2818 4266 3112 4344 futurum
3135 4291 3320 4370 putat
3335 4281 3454 4375 qui
3483 4273 3658 4350 sacra

930 4307 1177 4459 gmmi
1209 4381 1527 4454 Numinis
1553 4374 1755 4451 verba
1789 4378 1870 4450 ad
1898 4401 1945 4476 p
1970 4401 2043 4450 us
2085 4399 2286 4474 quam
2318 4369 2524 4443 aniles
2567 4366 2816 4442 fabulas
2847 4372 3016 4446 letio
3042 4367 3432 4472 applicatum
3459 4375 3655 4458 eunt?

936 4487 1145 4562 Certe
1167 4479 1309 4583 plus
1338 4503 1541 4580 quam
1580 4473 1939 4550 Homerica
1980 4478 2241 4550 eoecitas
2270 4480 2341 4548 δι
2387 4470 2677 4545 Orestaea
2721 4466 2934 4544 rabies
2987 4477 3120 4570 jam
3157 4478 3358 4550 modo
3404 4479 3498 4549 est
3528 4475 3658 4550 tale

990 4587 1104 4662 uid
1132 4585 1378 4658 conari.
1482 4578 1861 4652 Demetrius
1900 4581 2072 4676 apud
2094 4573 2522 4649 Ptolomaeum
2555 4567 3054 4671 Philadelphum
3082 4597 3161 4646 ex
3193 4578 3504 4649 Hecataeo
3520 4572 3657 4647 Ab·

882 4673 895 4680 ’
1066 4689 1149 4764 ’ta
1176 4685 1260 4762 de
1289 4679 1479 4759 sactis
1506 4673 1953 4760 voluminibus
1978 4675 2295 4778 loquens,
2320 4674 2540 4791 inquit
2571 4695 2698 4748 nee
2723 4675 3095 4750 Parmae:
3114 4674 3656 4851 Histoticgiegis

2343 4795 2372 4850 ι
2426 4795 2457 4874 3
3462 4797 3659 4854 ivmae
