4667 5442
494 505 593 628 728
756 542 759 545 <
863 489 1082 584 Onarro
1134 485 1483 581 Panucrurca

496 658 675 759 postulatis
693 651 828 730 abunde
857 646 1028 726 satisfecit.
1078 652 1240 725 Potuitne
1267 655 1364 725 Deus
1385 649 1607 727 luculentiori
1636 670 1832 751 argumente

496 752 656 837 asserere,
684 748 903 827 lsra'eliticurn
925 746 1096 848 populum
1112 742 1203 829 fibi,
1232 751 1391 847 utRegi,
1418 749 1515 825 cordi
1535 772 1573 823 ae
1588 773 1681 826 curae
1699 744 1784 822 esses

592 860 718 951 Ingens
741 869 830 922 certe
850 868 964 919 terum
985 845 1131 915 mutatio
1150 845 1274 918 accidit
1296 891 1307 926 ,
1345 847 1486 943 quando
1504 852 1649 922 Herodes
1671 850 1833 930 remu.

495 972 591 1025 totus
608 972 628 1021 a
645 941 885 1022 Romanorum
904 961 990 1013 nuru
1007 938 1160 1037 pendens
1182 987 1194 1023 ,
1223 940 1387 1016 thronum
1404 939 1536 1017 israelis
1554 939 1708 1029 invasit3
1733 945 1832 1035 maim

496 1047 629 1129 adhuc,
655 1041 796 1142 quando
815 1036 937 1140 Judaea
955 1037 1063 1133 Syriae
1084 1037 1269 1121 attributa,
1298 1041 1337 1111 &
1355 1040 1392 1113 in
1408 1041 1597 1114 Provinciae
1614 1039 1765 1114 sormam
1783 1065 1831 1114 re·

318 1177 377 1270 ]οὴ
402 1194 481 1243 m..
498 1144 621 1226 dasia,
647 1139 796 1213 Romani
816 1130 964 1234 praesrdis
982 1136 1030 1205 im
1057 1134 1130 1207 etio
1152 1136 1277 1231 paruit.
1329 1140 1456 1233 Aperta
1468 1134 1622 1234 denique
1645 1140 1703 1209 Re
1751 1137 1834 1212 ino·

379 1225 438 1332 i5„
496 1240 641 1333 eiuratio
659 1261 703 1311 ert
718 1232 929 1310 Primoribus
943 1157 1066 1328 popuii
1085 1228 1204 1303 audita
1215 1229 1284 1315 est,
1312 1230 1538 1306 clamantibus
1557 1234 1678 1307 nabun
1699 1239 1836 1329 ortega

495 1332 656 1435 agnoscere
675 1330 732 1424 m‘fi
755 1327 912 1419 casaretn.
961 1331 1009 1399 At
1025 1349 1086 1399 nec
1103 1321 1145 1400 ste
1165 1348 1280 1401 tamen
1296 1326 1424 1401 throno
1441 1327 1534 1404 cessit
1550 1335 1666 1406 Deus.
1716 1324 1834 1406 Mansit

496 1429 740 1529 Hierosolyma
756 1428 890 1500 Civitas
908 1425 1028 1520 Magni
1047 1425 1179 1520 Regis,
1199 1423 1310 1497 donec
1322 1421 1453 1498 mansit.

593 1528 662 1603 Sed
683 1550 754 1598 non
772 1523 834 1596 diu
851 1515 982 1595 mansit.
1020 1524 1159 1617 Spretus
1177 1544 1197 1593 a
1216 1520 1351 1618 populo
1361 1526 1482 1606 Deus,
1509 1518 1638 1620 sprevit
1654 1523 1832 1624 populoru,

495 1629 808 1702 &Romanorum
835 1641 926 1716 quos
945 1612 1007 1689 sibi
1023 1618 1128 1713 impie
1145 1618 1384 1713 praetulerant,
1412 1621 1515 1693 armis
1533 1615 1636 1701 usus,
1666 1624 1833 1698 civitaten

495 1747 535 1796 ac
544 1720 713 1818 templum
731 1716 884 1789 funditus
894 1715 1036 1796 evertit,
1062 1735 1186 1786 terram
1197 1711 1326 1788 lsrailis
1338 1711 1530 1791 universam
1539 1717 1756 1793 anathemate
1764 1741 1835 1818 per·

496 1818 614 1899 eulsrt,
641 1810 925 1889 innumerabilem
943 1810 1146 1908 Judaeorum
1170 1810 1428 1884 multitudinem
1455 1811 1579 1895 serto,
1606 1813 1721 1899 same,
1745 1813 1827 1914 pelle

497 1917 654 1996 necavit,
680 1911 849 2008 plurimos
866 1902 927 1978 sub
950 1905 1075 1980 hastam
1094 1903 1213 1992 mifit,
1241 1903 1431 2004 superstites
1448 1933 1510 2006 pet
1534 1934 1660 1984 omnes
1676 1909 1738 1985 sub
1753 1909 1831 1988 ectio

495 2034 615 2112 gentes
633 2003 806 2107 disperfit,
832 2004 893 2076 ubi
907 2003 985 2077 coeli
1005 1999 1138 2099 solique
1154 1998 1206 2076 sui
1218 2026 1391 2085 extorres,
1418 2030 1460 2078 ne
1488 2029 1531 2078 ue
1551 2011 1633 2082 Deo
1680 2008 1827 2092 lecenter,

497 2112 535 2182 δι
549 2109 710 2180 omnibus
729 2100 928 2176 hominibus
945 2094 1093 2180 adversi,
1121 2094 1347 2196 spedaculum
1367 2101 1440 2174 fatti
1457 2030 1535 2176 sunt
1553 2128 1639 2178 mun
1667 2130 1691 2177 ο
1707 2108 1744 2180 &
1763 2107 1826 2179 Au·

496 2203 606 2305 gelis,
634 2204 790 2276 omnium
804 2217 1026 2298 purgamenta
1039 2197 1076 2267 &
1090 2220 1241 2269 ramenta
1253 2198 1289 2269 in
1303 2196 1392 2271 hunc
1413 2193 1522 2298 usque
1535 2202 1645 2276 diem.

596 2305 713 2398 Atque
732 2295 788 2370 hic
808 2295 952 2394 quidem
974 2288 1051 2365 finis
1070 2291 1117 2367 est
1135 2290 1351 2367 Theocratiae
1374 2290 1595 2379 1lraeliticae,
1624 2324 1696 2376 non
1716 2296 1825 2376 tellau·

496 2396 610 2472 randae
632 2398 668 2470 in
695 2417 873 2468 aeternum.
924 2392 1060 2464 Etenim
1082 2392 1242 2486 quamvis
1263 2391 1385 2489 populi
1407 2389 1581 2466 israelitici
1606 2395 1751 2473 sunnam
1769 2395 1823 2470 ali·

496 2492 638 2593 quando
654 2492 698 2566 ad
711 2488 884 2589 spirituale
904 2486 1035 2559 Mesnae
1052 2491 1214 2586 Regnum
1235 2489 1489 2573 reductionem,
1516 2486 1655 2567 disertis
1666 2492 1821 2606 utriusque

498 2588 709 2665 instrumenti
731 2586 876 2662 oraculis
895 2584 990 2666 nixi,
1015 2579 1157 2657 firmiter
1170 2585 1370 2658 credamus:
1394 2610 1508 2685 neque
1522 2612 1585 2661 eos
1604 2589 1650 2663 de
1669 2586 1730 2665 suo
1746 2592 1818 2665 olm

496 2689 532 2760 in
552 2707 675 2760 terram
689 2684 803 2759 reditu
821 2680 1218 2847 desperarehjubcamus3
1243 2705 1282 2753 ut
1294 2683 1329 2754 in
1347 2681 1410 2756 illo
1430 2707 1576 2783 quoque
1599 2687 1754 2787 populo,
1768 2683 1819 2760 ila

496 2804 604 2866 terra,
627 2784 687 2856 illa
704 2782 808 2860 urbe,
825 2779 885 2851 ubi
903 2777 991 2850 cruci
1017 2773 1142 2850 xusell
1153 2775 1328 2861 Christus,
1350 2779 1570 2863 dominetur,
1594 2784 1738 2867 colatur,
1748 2791 1817 2858 ado·

496 2901 613 2961 retur,
638 2875 887 2952 &adventanti
908 2898 987 2945 curn
1012 2876 1120 2969 gratia
1142 2868 1201 2946 sua
1217 2874 1306 2950 laetis
1329 2875 1636 2954 acclamationibus
1655 2882 1815 2960 accinatur

356 2998 445 3059 Mart.
498 2978 685 3051 Benedictus
700 2976 755 3071 qui
773 2975 914 3044 venitin
937 2974 1060 3043 nomine
1075 2974 1220 3047 Domini.
1269 2979 1352 3048 Non
1370 2997 1484 3048 tamen
1506 2979 1638 3073 patitur
1656 2973 1820 3074 spiritualia

318 3088 404 3142 xxm
418 3092 427 3133 ε
441 3083 487 3148 39·
497 3076 611 3172 Regni
628 3069 753 3146 Christi
772 3066 931 3149 indoles,
958 3066 1018 3137 ubi
1035 3092 1105 3139 non
1126 3067 1298 3169 estJudaei
1317 3077 1354 3144 &
1373 3073 1509 3154 Graeci,
1537 3077 1672 3156 Barbari
1689 3076 1725 3145 δι
1745 3077 1820 3171 scy-

496 3168 589 3253 thae,
617 3168 797 3243 discrimen
815 3165 951 3245 ullum,
978 3162 1040 3235 ubi
1056 3188 1192 3237 remoto
1211 3169 1337 3264 pariete
1350 3169 1559 3266 intergerino
1577 3173 1614 3243 in
1625 3193 1722 3243 unam
1733 3163 1817 3241 sum·

451 3316 453 3320 ι
496 3292 590 3341 mam
609 3267 740 3341 redacta
760 3257 835 3334 sunt
849 3264 990 3347 omnia,
1015 3285 1085 3333 non
1121 3264 1246 3345 atitur,
1274 3266 1439 3362 inquam,
1468 3269 1584 3365 Regni
1595 3266 1687 3341 istius
1696 3267 1817 3367 genius,

495 3386 535 3436 ut
555 3388 643 3438 unus
663 3361 790 3459 aliquis
810 3357 960 3454 populus
981 3403 991 3438 ,
1020 3286 1154 3431 seorsim
1176 3363 1365 3443 acaeteris,
1393 3361 1617 3436 Theocratici
1642 3363 1818 3465 Regimiuis

316 3462 719 3558 zach.xrv:praerogativa
735 3456 894 3554 gaudeat.
945 3458 994 3530 Ee
1008 3458 1057 3528 die
1069 3456 1301 3549 JehoeaUnur
1317 3463 1401 3542 etit,
1424 3462 1469 3535 (ν
1490 3484 1601 3534 nomen
1618 3461 1818 3559 ejusumie

317 3568 454 3705 ni...
489 3551 1818 3746 l''l.‘'sl{5.{ln.i.“'².l.ls{333²sslsslssssl‘ssifflssss

527 3684 545 3726 r
590 3709 600 3735 ,
1065 3685 1110 3724 a
1635 3684 1679 3732 ex

319 3714 435 3777 ’Μ’
494 3678 648 3833 asscensu,
676 3772 922 3822 nenunrcrus
958 3771 1122 3821 eoruuus
1151 3773 1253 3821 rarus
1282 3754 1518 3834 Euristus,
1556 3777 1609 3825 er
1639 3781 1732 3830 orus
1756 3777 1819 3827 rra·

495 3871 609 3920 nuura
646 3872 816 3921 uerrunt
854 3852 1079 3927 nssrnrus,
1114 3871 1161 3918 ur
1191 3853 1471 3921 lsnrenrrrcus
1500 3873 1711 3927 nossessro
1737 3874 1815 3927 area.

492 3945 549 4015 Ad
566 3969 645 4042 quae
661 3944 760 4015 beata
779 3964 934 4035 tempora
945 3943 997 4013 uti
1017 3940 1137 4014 calidis
1156 3945 1247 4015 votis
1262 3941 1487 4041 suspiramus,
1514 3947 1563 4019 ita
1584 3950 1710 4025 eadem
1725 3947 1819 4024 eunti·

490 4036 557 4112 bus
577 4041 698 4113 ordine
713 4038 791 4109 satis
809 4083 820 4118 ,
848 4042 882 4111 in
904 4035 960 4134 spe
978 4062 1016 4110 ae
1034 4035 1167 4111 silentio
1186 4037 1428 4137 exspeciamus.

589 4142 783 4215 Caeterum,
807 4140 999 4214 Audienter,
1019 4159 1058 4206 ea
1075 4158 1156 4231 quae
1166 4137 1210 4208 de
1223 4138 1316 4210 civili
1328 4138 1394 4213 hoc
1403 4140 1471 4211 Dei
1482 4141 1577 4239 apud
1588 4138 1753 4219 lsraelitas
1762 4146 1819 4216 ue·

518 4234 622 4305 imine
641 4230 728 4302 dina
748 4226 849 4315 sunt,
877 4256 946 4303 non
965 4228 1024 4303 ista
1040 4227 1153 4305 solum
1172 4259 1237 4307 vos
1258 4258 1351 4330 parte
1368 4238 1592 4313 intuerivolu
1610 4266 1692 4340 quae
1701 4240 1817 4318 Politiir

490 4254 594 4420 injus
615 4326 735 4398 mundi
756 4325 839 4400 haut
857 4325 1105 4428 usquequaque
1125 4328 1293 4405 dissimilis
1319 4334 1354 4404 in
1375 4332 1496 4406 oculos
1515 4338 1672 4414 incurrit.
1720 4339 1815 4412 Altius

489 4419 740 4528 penetrandum
761 4422 828 4511 est,
854 4426 1040 4529 levatoque
1057 4450 1206 4505 externae
1217 4426 1320 4519 hujus
1330 4454 1470 4531 pompae
1479 4433 1622 4526 aulaeo,
1648 4432 1814 4513 inlattntit

1728 4541 1814 4607 mtto·
