4667 5442
652 508 730 603 Dia
768 504 910 601 Viri
945 500 1210 623 Jouauuis
1249 498 1534 633 Bartisrnt
1692 512 1795 626 425

447 653 580 736 vifiirus
603 658 682 738 ess'et
695 660 945 737 descendere&
959 688 1094 736 manere
1107 664 1293 760 Spiritum,
1321 657 1411 736 hunc
1423 656 1520 734 sciret
1531 652 1593 733 else
1605 654 1792 734 Christum.

451 760 495 831 ld
512 760 596 833 dum
615 760 770 833 nondum
787 759 912 834 fastum
924 756 1031 844 esset,
1059 762 1095 833 in
1116 784 1206 856 vago
1223 757 1415 831 flunuabat.
1468 763 1515 830 At
1533 782 1643 855 quum
1664 755 1795 830 accessit
1842 783 1844 788 ·

454 852 551 965 Jesus
568 854 780 954 baptismum
805 880 924 956 petens
945 906 954 938 ,
984 882 1063 929 tunc
1083 878 1220 953 repente
1246 853 1401 928 instinstu
1417 855 1563 951 Spiritus
1588 848 1792 953 cognoscere

451 947 563 1047 ipsum
584 955 706 1051 coepit:
734 957 770 1027 bc
787 979 831 1026 ex
850 953 909 1028 illa
930 949 1038 1027 infusa
1058 976 1137 1027 tunc
1159 949 1218 1024 sibi
1232 953 1376 1032 notitia,
1404 953 1451 1022 ita
1464 974 1543 1022 cum
1559 946 1639 1050 Jesu
1655 953 1728 1047 egit
1740 950 1793 1021 uti

450 1050 545 1147 egit,
566 1052 602 1121 δι
619 1075 703 1122 mox
720 1050 908 1147 plenissime
929 1051 972 1121 de
992 1072 1064 1124 tota
1077 1076 1111 1122 re
1123 1043 1298 1147 persuasus
1318 1046 1502 1145 palamque
1519 1049 1693 1120 convistus
1715 1046 1791 1128 suit,

450 1168 589 1240 quum,
616 1142 840 1219 adscendente
863 1170 908 1221 ex
935 1171 1024 1245 aqua
1046 1147 1156 1244 Jesu,
1185 1144 1310 1218 coelum
1330 1148 1477 1241 aperiri,
1507 1146 1544 1215 &
1565 1145 1731 1240 Spiritum
1752 1145 1788 1215 S.

447 1239 555 1312 veluti
575 1241 774 1315 columbam
791 1239 983 1341 supereum
1002 1241 1202 1317 descendere
1219 1288 1230 1323 ,
1258 1237 1469 1337 conspicatus
1489 1238 1546 1313 ell.
1599 1242 1654 1311 Sic
1678 1232 1793 1312 obser·

447 1357 530 1408 vata.
543 1337 754 1412 distinctione
774 1363 1001 1437 temporum,
1027 1345 1065 1414 δι
1084 1339 1254 1441 graduum
1270 1339 1499 1437 cognitionis,
1528 1360 1692 1436 apparens
1711 1358 1792 1411 con·

448 1433 604 1505 tiadiuio
624 1436 774 1511 tollitur.

544 1534 694 1605 LXVII.
728 1537 812 1606 Haec
831 1557 914 1631 ergo
930 1558 1009 1606 vera
1024 1558 1136 1608 rerum
1158 1527 1258 1605 series
1274 1528 1321 1604 est
1342 1556 1352 1602 t
1377 1529 1473 1635 Jesus
1489 1557 1508 1605 a
1525 1530 1681 1635 Johanne
1704 1529 1790 1629 bap·
1802 1552 1916 1615 [wil.

449 1631 605 1709 tizatus,
633 1632 761 1726 Spiritu
782 1636 902 1703 Sancto
921 1629 1151 1728 locupletatus
1174 1676 1185 1711 ,
1222 1633 1258 1701 δι
1287 1629 1413 1702 illustre
1437 1632 1544 1702 Patris
1558 1629 1788 1703 testimonium
1799 1628 1865 1724 lert
1882 1634 1959 1724 ‘⁰5¹ss

451 1729 592 1806 nasius,
621 1728 945 1822 continuoSpiritus
968 1729 1094 1799 adflatu
1108 1726 1300 1896 agordane
1323 1727 1357 1796 in
1379 1723 1599 1798 solitudinem
1618 1726 1788 1824 proserius
1797 1705 1955 1803 'sm‘stff‘

448 1820 512 1900 est,
540 1842 579 1892 ut
599 1844 815 1895 tentaretura
833 1823 1107 1905 cacodaemone,
1149 1819 1364 1919 uperatisque
1382 1822 1474 1894 illius
1493 1820 1643 1904 insidiis,
1672 1789 1945 1895 omni-'¹‘s‘''‘'·

447 1915 514 1988 bus
541 1914 607 1989 suis
632 1919 794 2016 exemplo
813 1944 851 1992 ac
873 1918 1098 1993 consolationi
1119 1916 1209 1991 esset.
1262 1917 1338 1991 Illic
1360 1919 1443 1990 dum
1465 1919 1690 2017 quadraginta
1713 1919 1788 1992 dies

445 2009 573 2110 absque
594 2016 670 2086 ullo
687 2016 766 2087 cibo
792 2012 940 2097 mansit,
978 2039 1067 2113 quot
1085 2017 1206 2088 diebus
1236 2010 1353 2086 Moses
1373 2017 1460 2086 olim
1480 2061 1491 2097 ,
1521 2019 1651 2113 Legem
1671 2041 1690 2086 a
1708 2021 1789 2088 Deo
1877 2061 1882 2074 ·

446 2133 667 2206 accepturus,
693 2114 728 2183 in
751 2135 868 2186 monte
887 2114 979 2185 Sinai
998 2114 1132 2203 jejunus
1153 2134 1389 2184 commoratus
1410 2110 1478 2196 est,
1503 2111 1676 2210 Johannes
1695 2118 1788 2209 Bap-

445 2206 542 2287 tista,
570 2232 770 2304 magnarum
791 2209 834 2280 de
855 2206 934 2307 Jesu
957 2211 1208 2307 cogitationum
1225 2206 1347 2305 plenus
1369 2255 1380 2290 ,
1415 2208 1555 2306 prolixo
1574 2205 1730 2281 sermone
1748 2232 1789 2281 ea
1839 2291 1842 2297 ⁵

444 2302 660 2375 auditoribus
680 2301 748 2377 suis
769 2304 929 2401 exposuit
941 2329 1020 2403 quae
1033 2308 1134 2378 initio
1155 2304 1334 2401 Evangelii
1354 2300 1404 2375 sui
1415 2303 1589 2401 Johannes
1600 2304 1791 2403 Apostolus

444 2394 609 2495 usquead
624 2397 710 2473 vers.
730 2424 785 2492 19.
805 2425 984 2475 memorat.
1036 2409 1166 2474 Interea
1178 2401 1344 2496 temporis
1357 2403 1401 2473 ad
1412 2399 1606 2499 Johannem
1617 2402 1721 2500 legati
1734 2399 1789 2473 isli

442 2500 498 2570 aS
525 2497 646 2567 nedrio
666 2499 831 2588 veniunt,
856 2497 901 2570 de
920 2522 1073 2596 quotum
1087 2499 1322 2597 negotiatione
1344 2522 1391 2570 nu
1418 2523 1452 2571 er
1475 2499 1641 2571 diximus.
1677 2498 1789 2571 Paulo

441 2522 523 2691 pos
534 2589 631 2690 Jesus
652 2620 696 2667 ex
708 2616 854 2677 monte,
882 2597 918 2667 in
933 2618 1007 2691 quo
1026 2593 1268 2693 p'ostremuma
1286 2523 1697 2670 Cacodaemouetentatus
1710 2595 1787 2667 sue-

441 2712 513 2771 rat,
542 2687 600 2762 sed
617 2689 754 2774 frustra,
783 2714 948 2791 tanquam
965 2689 1194 2789 triumphator
1211 2696 1367 2775 Satanae,
1394 2692 1437 2764 ad
1458 2692 1646 2790 Jordanem
1667 2694 1705 2763 dc
1724 2695 1786 2792 Jo-

440 2785 590 2859 hannem
609 2787 722 2861 rediit.
773 2794 892 2885 Aquo
912 2785 1108 2887 conspestus
1123 2788 1286 2887 postridie
1306 2791 1379 2878 ejus
1401 2789 1501 2871 diei,
1541 2786 1784 2885 quo-testimo·

397 2969 402 2978 ,
439 2886 539 2958 nium
558 2886 588 2955 ei
603 2884 695 2982 apud
713 2885 1060 2985 Hierosolymitarum
1072 2883 1205 2984 legatos
1218 2884 1462 2984 perhibuerat,
1491 2887 1591 2958 novis
1602 2887 1643 2957 ab
1657 2910 1698 2956 eo
1710 2884 1784 2957 lau·

402 3006 408 3018 ·
437 2979 544 3052 dibus
564 2982 647 3053 ilico
667 3004 805 3056 ornatus
824 2980 891 3065 est,
920 3005 958 3055 ut
975 2977 1179 3082 significaret·
1194 2983 1342 3055 eundem
1359 2983 1462 3056 illum
1475 2976 1539 3054 esse
1561 2982 1691 3078 dequo
1710 2984 1785 3079 pri-

440 3075 499 3148 die
519 3102 594 3151 cum
610 3076 730 3176 legatis
747 3100 873 3175 egerat.
927 3082 996 3151 Hic
1015 3079 1083 3161 est,
1103 3081 1218 3176 inquit
1232 3125 1243 3161 ,
1255 3083 1387 3175 -Agnus
1403 3076 1464 3151 ille
1481 3081 1571 3160 Dei,
1599 3077 1687 3152 labis
1703 3103 1783 3149 om-

442 3175 497 3247 nis
518 3199 637 3270 expers
654 3222 665 3256 ,
720 3178 754 3247 ui
770 3177 917 3257 seDeo,
945 3176 989 3246 ad
1006 3177 1176 3273 expianda
1196 3173 1378 3246 hominum
1391 3196 1527 3271 peccata
1543 3176 1715 3247 victimam
1727 3173 1785 3247 of-

439 3270 538 3345 seret.
591 3273 660 3343 Hic
683 3200 729 3344 esl
755 3298 863 3370 quem
882 3271 1069 3352 dicebam,
1096 3273 1257 3366 quamvis
1284 3292 1375 3365 pone
1398 3293 1455 3341 me
1474 3271 1637 3353 veniret,
1669 3268 1785 3343 multo

435 3387 552 3440 tamen
574 3391 628 3438 me
647 3363 710 3438 esse
727 3371 914 3466 potiorem.
965 3372 1068 3441 Hunc
1088 3366 1234 3464 quidem
1252 3386 1349 3437 antea
1368 3390 1438 3438 ηοη
1452 3391 1595 3448 noram,
1624 3369 1787 3464 quamvis
1903 3369 1905 3373 ”
1928 3431 1931 3435 ,

433 3463 575 3537 abluere
596 3459 764 3560 coepissem
780 3468 1004 3565 poenitentes,
1031 3466 1068 3535 ὃ(
1083 3463 1263 3562 ptaedicare
1280 3463 1425 3562 regnum
1440 3462 1607 3535 coelorum
1626 3488 1713 3536 mox
1722 3462 1786 3538 πᾶ·
1897 3535 1903 3548 ,

434 3559 619 3635 sutorum:
646 3560 705 3634 sed
721 3563 822 3635 initio
841 3562 1007 3635 missionis
1024 3587 1111 3634 meae
1132 3586 1151 3632 a
1170 3563 1249 3630 Deo
1269 3562 1421 3633 monitus
1435 3555 1532 3642 sum,
1561 3561 1597 3632 in
1611 3562 1781 3657 quemvi-

434 3657 556 3731 clerem
580 3659 745 3752 Spiritum
775 3656 1037 3733 descendentem
1053 3660 1090 3732 &
1113 3680 1307 3732 manentem
1335 3702 1346 3738 ,
1388 3681 1467 3728 eum
1486 3652 1549 3727 esle
1569 3659 1631 3754 qui
1649 3659 1780 3756 Spiritu

434 3758 559 3828 Sansto
579 3750 764 3852 discipulos
782 3752 861 3829 suos
880 3756 1113 3853 baptizaturus
1133 3750 1184 3827 sit.
1237 3758 1357 3847 Quum
1380 3756 1485 3851 igitur
1497 3753 1538 3825 ad
1559 3779 1614 3826 ine
1626 3756 1779 3839 accessit,

435 3851 654 3947 Baptismum
684 3877 802 3925 meum
819 3876 938 3952 petens
959 3900 970 3934 ,
996 3854 1128 3927 Divino
1151 3850 1272 3949 aliquo
1292 3850 1449 3924 instindu
1467 3846 1647 3951 agnoscere
1667 3846 1780 3947 ipsum

435 3950 540 4044 eoepi.
590 3951 638 4019 At
655 3974 741 4021 mox
756 3975 867 4046 quum
885 3948 958 4023 vidi
981 3949 1088 4023 coelos
1104 3945 1188 4021 findi
1210 3994 1220 4030 ,
1249 3950 1286 4020 δι
1302 3950 1337 4021 in
1352 3972 1433 4021 eum
1451 3973 1470 4021 a
1488 3973 1545 4024 me
1565 3947 1779 4044 baptizatum

436 4047 606 4142 Spiritum
624 4050 782 4120 Samium
795 4044 856 4118 sub
876 4045 1048 4121 columbae
1066 4042 1177 4143 specie
1197 4041 1419 4128 descendere,
1445 4048 1482 4118 δι
1506 4047 1537 4117 ei
1562 4043 1779 4143 aliquamdiu

436 4137 602 4222 insidere,
628 4141 817 4239 plenissime
835 4137 1007 4242 persuasus
1025 4137 1121 4225 sum,
1149 4143 1250 4240 quod
1267 4138 1390 4215 dehinc
1402 4164 1515 4241 aperte
1535 4140 1658 4225 testor,
1686 4142 1777 4220 hunc
1880 4208 1885 4213 c

436 4231 503 4311 esse
521 4237 648 4312 Filium
660 4243 749 4327 Dei,
777 4242 815 4311 dc
833 4233 1035 4338 promissum
1045 4239 1178 4312 mundo
1195 4234 1450 4407 sospitatorem.
1499 4237 1637 4314 Postero
1647 4241 1703 4313 die
1713 4246 1779 4342 Jo-

430 4333 567 4418 bannes
577 4336 701 4408 iterum
714 4331 926 4433 conspicatus
937 4329 1053 4436 Jesum
1065 4360 1136 4409 non
1148 4360 1256 4435 procu
1280 4333 1536 4420 ambulantem,
1562 4336 1700 4409 duobus
1714 4339 1777 4434 qui

433 4431 526 4538 forte
538 4426 599 4526 ipsi
609 4433 748 4511 aderant
759 4430 961 4540 discipulis,
986 4430 1495 4532 idemtepetiitteslirnoniurn3
1519 4456 1608 4524 ecce,
1618 4435 1779 4531 inquiens

470 4587 472 4592 -
532 4526 624 4620 Tan.
655 4534 711 4618 Η.
1147 4530 1188 4611 Η
1204 4523 1264 4620 hh
1616 4535 1778 4627 ,ΑΒΜ
