4667 5442
910 519 982 594 ur
1006 520 1334 599 rnrnrrrrr.
1729 551 1800 625 ιι,

438 754 462 789 ,,
476 699 590 777 diebus
603 698 700 775 illios.
748 703 860 799 Atque
877 701 940 776 hoc
964 701 1057 777 sensu
1072 708 1183 776 otnnia
1203 703 1273 778 haec
1288 706 1423 777 nomina
1439 703 1538 777 eilent
1556 712 1690 781 nomina
1714 715 1801 785 ruz.

438 802 546 889 „kim
598 803 646 875 Ita
662 803 779 875 dicitur
791 807 825 872 in
843 807 962 901 Capite
980 800 1113 875 chereti.
1167 810 1287 877 Veniet
1302 801 1442 877 Hizkiar
1457 808 1530 877 osio
1547 809 1735 886 nominibus
1747 817 1801 885 in·

438 902 627 1002 „fignitus‚
651 910 686 975 δι
702 902 880 973 vindictam
897 906 1000 974 lumet
1019 904 1060 973 de
1074 903 1333 983 Sennacheribo,
1357 909 1435 975 item
1451 908 1527 975 οᾶο
1546 908 1799 1011 nominibusap-

438 1002 603 1102 „pellato
657 1005 709 1071 Ac
729 1022 798 1072 turn
812 1026 907 1099 porro
923 1005 997 1074 osio
1013 1001 1230 1076 hacnotnina
1252 1024 1461 1082 enarrantur,
1484 1003 1604 1099 quibus
1628 1012 1702 1081 otio
1719 1014 1804 1083 Sen-

438 1103 610 1175 nachetihi
626 1105 756 1170 nomina
775 1103 950 1175 adduntur.
1002 1104 1065 1173 Sed
1079 1101 1148 1174 haec
1163 1106 1202 1174 ad
1217 1102 1400 1174 institurum
1423 1103 1566 1178 nostrum
1583 1129 1649 1179 non
1667 1106 1800 1195 faciunt,

437 1206 580 1299 ideoque
596 1225 656 1270 nec
675 1197 822 1272 asscribo.

539 1299 677 1371 xrvu.
703 1302 756 1368 De
773 1299 941 1396 posteriori
957 1296 1113 1372 sententia
1125 1300 1297 1399 prediatus
1310 1303 1412 1375 rnodo
1427 1297 1613 1375 hherbenel
1637 1308 1680 1377 ita
1694 1304 1810 1403 ioqui-⁷

441 1420 508 1475 tur.
558 1399 652 1480 „Sed
673 1404 761 1492 juxta
783 1398 974 1471 sententiam
996 1398 1186 1497 jonathanis
1204 1410 1239 1473 δι
1256 1403 1301 1472 R.
1321 1400 1503 1475 Salomonis
1518 1402 1663 1492 Jarchri,
1688 1411 1802 1480 omnia

441 1548 465 1581 „
478 1499 546 1572 hac
560 1496 774 1570 uominasnnt
783 1502 846 1570 Dei
856 1501 956 1571 0.M.
965 1504 1191 1571 tantummodo
1204 1500 1358 1597 posterius
1367 1500 1458 1583 illud,
1467 1504 1600 1593 princeps
1611 1508 1705 1595 pacis,
1716 1511 1750 1576 H
1754 1511 1802 1577 iz-

438 1594 538 1681 „kiae
551 1601 720 1694 competit.
761 1602 799 1669 Er
817 1621 894 1670 tunc
909 1595 1014 1669 sensus
1031 1620 1136 1670 textus
1151 1598 1206 1670 hic
1223 1604 1304 1686 erit,
1330 1606 1366 1673 ot
1380 1603 1471 1672 Deus
1487 1604 1534 1672 Ο.
1549 1603 1600 1671 Μ.
1611 1605 1723 1699 quiest
1736 1610 1802 1677 rni-

440 1748 463 1786 „
486 1696 615 1783 rabilis,
644 1695 875 1778 Confiliarius,
895 1701 984 1769 Deus
999 1695 1106 1787 fortis,
1121 1702 1218 1770 Pater
1231 1702 1434 1779 aeternitatis,
1448 1704 1493 1779 is,
1518 1702 1673 1796 inquam,
1692 1704 1798 1777 Bene·

440 1846 466 1880 ,,
475 1800 579 1870 ἆίᾶιιε
589 1794 716 1868 vocabit
727 1793 889 1868 Hizkiam
897 1799 1000 1895 princi
1094 1801 1182 1895 pacis
1190 1820 1205 1889 3
1230 1801 1309 1894 quia
1323 1802 1556 1898 portaverint
1570 1804 1633 1872 etit
1644 1805 1678 1872 in
1687 1803 1803 1877 diebus
1835 1865 1849 1888 ,

439 1896 572 1979 „illiun
627 1899 666 1966 Et
676 1919 904 1994 argumentum
920 1921 981 1996 pro
1010 1920 1029 1967 e
1046 1921 1085 1967 ex
1100 1895 1169 1994 ipsa
1184 1893 1360 1996 scriptione
1379 1902 1472 1974 vocis
1484 1899 1590 1992 ⁸]le
1606 1897 1802 1988 desumunt,
1893 1991 1899 2004 .

440 2003 532 2085 „ubi
551 1999 610 2075 sub
626 2001 689 2089 Jod
707 2006 751 2073 est
760 2000 935 2092 Chireclr,
956 1999 1063 2075 &sub
1082 2002 1189 2076 Resch
1204 2006 1363 2080 xamen,
1385 2003 1801 2087 Christianiverotranstu·

435 2105 580 2186 „lerunt
601 2102 728 2195 ΝἸΕῚῚ,
755 2103 796 2175 fic
815 2126 850 2175 ut
860 2102 915 2174 {ub
927 2099 1023 2199 Koph
1040 2097 1077 2171 fit
1093 2107 1243 2183 Kametz,
1264 2112 1299 2176 &
1315 2098 1376 2173 sub
1391 2101 1499 2180 Resch
1522 2128 1622 2200 tzere,
1630 2111 1711 2184 adeo
1721 2133 1764 2185 ut·
1777 2113 1813 2187 a,
1923 2153 1928 2162 a

437 2216 624 2291 „creaturis
647 2216 691 2283 ita
708 2209 917 2308 appellandus
939 2203 1037 2279 foret.
1089 2208 1199 2305 Atque
1213 2210 1259 2279 ita
1277 2210 1390 2279 dicunt
1401 2210 1589 2287 transtulisse
1604 2235 1684 2288 Lxx.
1696 2220 1797 2291 inter-

439 2334 561 2409 pretes.
611 2315 708 2384 Tunc
730 2306 896 2405 subjungit
921 2331 993 2401 quae
1017 2330 1084 2378 non
1102 2305 1185 2378 tatio
1206 2304 1283 2405 ipfi,
1306 2306 1357 2378 sed
1371 2304 1464 2383 furor
1490 2318 1526 2386 δι
1546 2311 1711 2410 splendida
1723 2316 1800 2390 bilia

438 2412 622 2482 dinavitin
635 2415 680 2484 D.
692 2409 821 2507 jesum,
842 2406 1024 2505 probatque
1049 2431 1125 2477 euin
1140 2404 1195 2477 hic
1218 2404 1359 2505 intelligi
1377 2432 1446 2480 non
1469 2409 1575 2509 polhr,
1601 2419 1726 2514 quippe
1741 2422 1801 2513 qui

441 2508 516 2609 plus
533 2534 633 2607 quarn
652 2515 964 2606 quingentosannos
977 2504 1045 2601 post
1064 2504 1145 2577 illud
1160 2527 1289 2605 ternpus
1306 2525 1403 2580 natus
1420 2506 1485 2599 est,
1507 2534 1586 2584 eum
1594 2534 1703 2586 tamen
1719 2519 1801 2588 Pro.
1918 2566 1924 2576 .

441 2608 543 2709 pheta
556 2613 590 2682 in
608 2610 792 2710 praeterito,
808 2608 849 2677 de
861 2630 896 2676 re
913 2612 980 2701 jam
998 2601 1082 2675 farra
1105 2604 1271 2701 loquatur.
1332 2608 1432 2714 Quod
1447 2632 1509 2683 nos
1526 2608 1619 2711 supra
1641 2612 1804 2688 refutavi-

441 2734 527 2781 mus.

540 2807 702 2881 XLVIII.
725 2857 747 2884 ,,
760 2806 822 2878 Sed
837 2804 1024 2884 redeamus,
1045 2808 1176 2900 inquit,
1188 2804 1229 2875 ad
1246 2801 1396 2879 seslr'ouit
1419 2803 1517 2901 hujus
1532 2808 1801 2910 explicationem.

441 2911 575 2999 „Juxta
595 2903 784 2979 sententiam
799 2902 991 3002 Jonathanis
1009 2902 1214 2999 aliorumque
1237 2906 1476 3003 interpretum,
1494 2914 1692 2983 convenient
1708 2914 1803 2987 duxit

440 3061 467 3101 „
478 3006 640 3103 Propheta
656 3011 767 3078 Deum
784 3002 967 3101 ipsumhoc
991 3002 1053 3073 loci
1070 3000 1227 3112 omnihnp
1244 3004 1311 3073 iuis
1322 3002 1514 3119 nominibur
1523 3031 1731 3105 nuncupare:
1748 3030 1801 3082 ut·

443 3126 558 3285 1}th
568 3126 784 3269 ‘¹⁰22th
786 3095 1276 3293 ‘iitll‘iiplhhllh
1289 3121 1381 3293 3:2⁸
1379 3110 1802 3276 fsi‘hitz'h‘hhit

442 3299 593 3379 chetibi,
618 3302 654 3369 in
670 3300 832 3370 lanatione
847 3298 880 3366 H
887 3290 998 3379 iahia,
1028 3299 1062 3366 in
1079 3297 1266 3392 retrogrado
1277 3294 1397 3369 recessu
1411 3295 1536 3370 umbrae
1551 3292 1670 3374 solaris.
1726 3313 1802 3375 Con·

444 3402 622 3491 „filatim
649 3404 726 3495 quia
747 3392 917 3468 confilium
936 3400 1008 3490 ejus
1029 3392 1190 3474 consistit.
1218 3403 1253 3469 δι
1271 3421 1340 3469 non
1363 3393 1800 3477 consiliunsmnachenoi.

442 3505 568 3593 „Sicut
587 3499 666 3569 dixit
681 3504 834 3589 Jehvur.
855 3518 909 3569 ro.
964 3495 1192 3583 lniteconfilr'um
1209 3497 1247 3572 (ν
1269 3495 1458 3590 diffipah'uo.
1484 3501 1523 3570 Et
1539 3496 1721 3589 Psalmista,
1734 3528 1800 3578 ton.

442 3602 573 3693 „filiam
590 3601 711 3676 Domini
726 3595 863 3684 ficisset.
890 3590 1106 3669 Psalxxxur.
1120 3616 1177 3667 rr.
1200 3598 1297 3667 Deae.
1345 3598 1437 3697 Quia
1448 3593 1574 3695 lpseest
1586 3624 1683 3671 verua
1696 3606 1802 3682 Deus,

442 3747 468 3782 „
482 3700 519 3773 &
539 3725 605 3773 non
618 3706 705 3795 juxta
721 3694 954 3795 blasphemiam
981 3691 1229 3767 Sennacheribi.
1280 3698 1418 3795 Quinem
1429 3696 1555 3787 surrex
1575 3701 1681 3769 harum
1699 3720 1801 3771 terra·

442 3851 470 3890 „
485 3823 553 3871 rum
566 3803 656 3875 Diis,
677 3801 728 3888 qai
743 3796 951 3884 tmamfiaarn
971 3816 1009 3864 ex
1022 3816 1113 3866 nana
1132 3803 1324 3889 mesera'pere
1332 3815 1501 3889 perunum.
1527 3793 1584 3895 Jefi
1599 3818 1725 3873 xxxvi.
1740 3825 1798 3873 20.

439 3902 587 3984 „Fortia
637 3900 726 3997 Qia
741 3897 878 3968 ostendit
892 3892 1117 3967 fortitudinem
1139 3892 1229 3967 luam
1251 3898 1287 3965 iu
1313 3898 1448 3967 interitu
1463 3895 1710 3974 Sennacheribi.
1735 3908 1799 3973 Pe·

438 4050 462 4085 ,‚
476 4019 522 4071 ter
535 4000 714 4068 eterrtr'raris.
767 3992 868 4086 Quasi
882 3997 967 4066 dicas
984 3997 1078 4067 Pater
1091 3997 1248 4094 tempotir
1262 4001 1298 4067 &
1311 3999 1375 4067 avi
1387 4047 1398 4083 ,
1411 3998 1579 4094 quippein
1593 4006 1684 4091 cuiue
1697 4026 1798 4072 manu

441 4096 539 4194 „fuit
553 4097 673 4167 addere
687 4098 726 4166 ad
743 4092 877 4167 Hizkiae
893 4098 993 4165 vitam
1010 4112 1070 4165 xv.
1095 4118 1208 4169 annot.
1264 4096 1305 4165 Et
1329 4096 1397 4168 hoc
1419 4098 1519 4168 modo
1537 4096 1636 4193 pollet
1650 4104 1749 4172 etiam
1763 4103 1797 4170 id

442 4197 570 4292 „quod
585 4192 751 4293 sequitur,
775 4198 913 4288 Princeps
922 4194 1023 4287 pacis,
1044 4194 1120 4265 Deo
1134 4192 1310 4293 applicati,
1347 4196 1425 4291 quia
1444 4190 1513 4292 ipse
1527 4194 1574 4268 est
1593 4202 1796 4296 princeps&

446 4298 646 4389 „Dominus
662 4299 760 4393 pacit
812 4294 854 4365 Et
869 4317 962 4373 tunc,
981 4316 1059 4366 curn
1068 4294 1145 4365 dicit
1160 4291 1326 4372 &votuit
1338 4317 1438 4370 nomen
1448 4295 1539 4393 ejm,
1556 4321 1624 4370 non
1638 4295 1796 4394 esetpro-

389 4478 393 4488 ,
441 4400 517 4499 ptie
532 4393 629 4471 ullitu
644 4396 789 4470 nominis
801 4392 999 4494 appellatio,
1025 4388 1542 4471 sedelatitatemacoelehritatem
1557 4392 1798 4569 notaretkiicpt

1725 4518 1758 4569 ut
1787 4548 1796 4571 .
