4667 5442
615 512 692 606 Da
729 505 926 606 Evuuc.
966 510 1023 601 lu
1059 508 1291 601 Anemo.
1329 509 1554 607 Pumurc.
1689 527 1786 640 345

444 672 662 761 adeuntibus,
704 698 784 750 nutu
808 679 876 751 Dei
892 672 1038 766 Jacobus
1072 672 1235 749 fflberniae
1263 677 1324 747 oris
1344 676 1519 772 appulsus,
1555 675 1689 752 verbum
1720 680 1789 754 Dei

440 779 626 867 predicavit
642 779 814 868 intrepidus
842 805 851 843 .-
887 771 943 846 ubi
958 774 1075 869 septem
1093 772 1254 869 discipulos
1283 773 1399 869 elegisse
1418 772 1571 866 fertur...
1611 776 1788 875 Quemque

445 876 514 945 dies
533 877 712 945 immineret
738 871 929 963 supremus,
965 870 1216 964 Hierosolymam
1245 894 1315 942 cum
1339 875 1377 941 iis
1391 878 1557 968 perrexit,
1580 869 1684 970 ibique
1700 898 1787 946 mar-

444 974 565 1065 tyrium
580 966 691 1056 subiit.
740 967 795 1041 Est
820 970 881 1064 qui
911 967 1046 1050 addat,
1082 965 1266 1039 &belaum
1291 991 1433 1065 quoque,
1466 969 1587 1059 Jacobs
1616 970 1709 1062 larejus
1726 990 1786 1066 pa·

445 1086 554 1145 τνεηι,
581 1064 641 1152 fiala
663 1064 839 1146 Arislobuli
856 1069 1006 1144 nomine,
1029 1067 1206 1159 Anglorum
1234 1065 1417 1160 Episcopum
1436 1062 1557 1157 fm'ffi’s
1580 1065 1683 1163 ibique
1702 1093 1787 1139 mar·
1892 1142 1902 1161 Ι

444 1182 547 1255 wrcen
568 1159 765 1253 occubuisse,
793 1161 924 1249 stercutio
954 1185 1034 1232 anno
1065 1165 1269 1257 Imperatores
1297 1164 1440 1235 Neronis
1467 1161 1632 1259 savifflmi.
1697 1162 1786 1234 Vide

446 1252 610 1331 srsUsser.
648 1264 704 1331 De
729 1262 858 1334 Britan.
880 1256 993 1343 Eccles
1015 1262 1129 1354 Antiq.
1147 1276 1180 1351 p.
1201 1277 1230 1343 ς.
1250 1260 1294 1330 &⁸
1316 1281 1351 1349 9.
1402 1266 1478 1330 lmo
1500 1284 1569 1330 non
1590 1261 1708 1330 vivum
1730 1255 1786 1331 so·

445 1355 543 1435 lum,
571 1352 631 1424 sed
652 1358 689 1427 &
704 1376 884 1425 mortuum
907 1354 1099 1451 Jacobum,
1128 1350 1381 1450 Hierosolymis
1401 1357 1435 1426 in
1456 1350 1654 1451 Hispaniam
1670 1377 1786 1427 extur-

445 1450 554 1532 bant,
581 1450 775 1524 incredibili
799 1472 962 1547 portento
989 1449 1095 1523 isthuc
1125 1448 1375 1524 devehendum.
1426 1454 1588 1548 Quippe,
1612 1455 1690 1524 navi
1712 1452 1788 1547 post

444 1570 597 1620 mortem
612 1543 790 1643 impositus
811 1570 831 1616 a
851 1544 1057 1643 ctesiphone
1070 1541 1236 1640 sociisque
1255 1542 1456 1644 EpiscopiS,
1484 1547 1542 1621 sex
1559 1549 1692 1621 dierum
1713 1548 1788 1645 spa·

444 1647 521 1725 tio,
549 1638 617 1714 fine
636 1640 841 1725 Navarcho,
869 1638 935 1712 stne
949 1668 1011 1715 acu
1028 1644 1240 1739 magnetica,
1268 1642 1339 1714 sola
1355 1645 1527 1717 cadaveris
1544 1644 1727 1718 dicessione
1742 1669 1784 1715 eo

445 1734 617 1838 navigasse
644 1739 797 1821 dicitur,
834 1742 1010 1836 &corpus
1030 1737 1123 1835 quast
1154 1735 1212 1810 sua
1234 1736 1354 1835 sponte
1381 1742 1559 1814 interram
1585 1738 1784 1824 demissum,

446 1862 535 1909 mox
554 1838 589 1905 in
603 1841 676 1906 aire
691 1832 881 1916 sublatum,
909 1841 1062 1906 avestum
1091 1861 1132 1905 ue
1145 1837 1180 1905 in
1194 1835 1312 1907 locum
1326 1836 1464 1908 duobus
1481 1837 1683 1909 milliaribus
1694 1839 1788 1909 diffi-

443 1954 548 2013 tum,
577 1932 637 2002 ubi
657 1927 827 2030 sepultum
846 1932 972 2018 fuerit3
999 1861 1206 2027 ctesiphone
1227 1956 1306 2005 cum
1324 1927 1423 2005 sociis
1438 1933 1479 2003 ab
1495 1934 1630 2031 Angelo
1643 1934 1788 2008 adillud

442 2023 614 2101 deductis.
679 2033 768 2117 Qtae
791 2031 852 2125 qui
872 2029 948 2100 vult
972 2028 1063 2125 apud
1082 2030 1219 2101 Surium
1237 2029 1355 2100 videre
1376 2029 1485 2125 potest
1505 2034 1546 2103 ad
1564 2055 1649 2103 xxv.
1678 2032 1753 2123 Jul.
1772 2038 1788 2104 1

444 2149 556 2206 nunc,
579 2128 725 2206 Lestor,
754 2121 938 2207 &idem
967 2122 1118 2206 filubet,
1146 2147 1242 2197 tuam
1252 2122 1786 2223 Ecclesiasticarumrerumscrip-

444 2222 580 2294 toribus
598 2223 767 2318 mancipo.
820 2222 934 2303 Mihi,
962 2248 1004 2293 ne
1020 2223 1109 2316 quid
1125 2222 1290 2303 diffitear,
1315 2243 1448 2294 tantum
1459 2223 1668 2295 credulitatis
1689 2223 1788 2295 domi

442 2318 589 2392 nonest.
640 2318 708 2390 Sed
729 2317 772 2389 de
785 2317 839 2390 his
858 2319 971 2415 postea
992 2319 1108 2392 latius.
1160 2324 1264 2393 Nunc
1283 2318 1327 2389 ad
1346 2322 1787 2415 Scripturamrevertamur.

498 2418 598 2488 XVl.
630 2414 739 2502 Quod
757 2415 898 2487 cursum
924 2415 1025 2488 isium
1057 2413 1303 2513 Apostolorum
1328 2412 1573 2488 absolvendum
1597 2414 1688 2487 fuisse
1711 2430 1871 2489 anrexvl.
1896 2428 1966 2488 Ante

442 2536 560 2587 rerum
582 2513 801 2612 Judaicarum
822 2509 948 2595 finem,
976 2513 1137 2609 praedixit
1152 2512 1350 2596 Dominus,
1378 2538 1505 2584 novam
1529 2515 1654 2584 iterum
1674 2506 1926 2595 obses,exfidium

443 2611 622 2682 vationem
642 2607 743 2679 nobis
765 2605 926 2708 suggerit.
979 2618 1017 2679 ln
1040 2625 1081 2680 eo'
1095 2605 1170 2680 sane
1185 2608 1281 2679 facile
1296 2610 1388 2680 Viris
1401 2610 1606 2682 Dodlissimis
1618 2578 1945 2712 assentionml

471 2731 508 2778 er
521 2702 616 2794 finem
632 2710 719 2777 Mat.
732 2730 847 2778 xxrv:
873 2729 926 2796 14.
955 2731 1024 2778 non
1048 2700 1383 2778 consummationem
1404 2702 1613 2786 seculorum,
1643 2704 1699 2777 sed
1718 2713 1912 2788 PO-mndm

440 2730 528 2878 sitiae
548 2803 700 2903 Judaicae
711 2849 722 2884 ,
750 2803 1013 2902 intelligendum
1032 2798 1094 2873 elle
1115 2827 1127 2886 3
1153 2800 1218 2873 hoc
1236 2804 1328 2872 eninr
1341 2801 1691 2900 addudaargumenta
1703 2807 1915 2899 pro-Evange-

441 2901 538 2975 bant.
587 2905 718 2972 Verum
738 2924 776 2970 ea
794 2901 941 2975 brevitas
960 2900 1147 2997 temporis,
1177 2896 1199 2969 fi
1224 2922 1303 2971 cum
1325 2900 1385 2979 iis,
1414 2923 1493 2995 quae
1521 2899 1629 2969 modo
1648 2925 1666 2970 a
1684 2884 1963 3020 nobis‘blmgm

442 3018 606 3071 annotata
618 2994 716 3080 sunt,
745 2998 935 3071 conferatur
954 3044 964 3078 ,
992 2993 1070 3068 satis
1085 2998 1212 3069 evincit
1231 3044 1241 3078 ,
1269 3021 1348 3068 cum
1377 2997 1581 3069 restridione
1599 2996 1715 3093 aliqua
1730 2962 1964 3115 sss‘gseltsgessi:

443 3093 613 3168 mendum
640 3089 728 3175 else,
756 3094 863 3190 quod»
879 3095 922 3165 de
945 3094 1135 3190 Evangelio
1154 3095 1189 3163 in
1209 3115 1285 3163 toto
1306 3115 1469 3163 terrarum
1488 3093 1594 3173 orbe,
1622 3115 1661 3163 ut
1680 3087 1718 3162 srt
1736 3112 1944 3186 te-buspraedt·

440 3190 644 3267 stimonium
664 3191 824 3261 omnibus
844 3190 1033 3287 gentibus,
1061 3188 1281 3283 praedicando
1306 3185 1444 3258 testatur
1470 3192 1656 3260 Dominus.
1709 3187 1965 3258 Obstammrm

440 3288 540 3363 tendi
558 3288 701 3381 quidem
715 3287 811 3360 Pauli
835 3286 930 3357 zelus
948 3279 1058 3363 solet,
1085 3285 1147 3377 qui
1160 3282 1435 3376 aliquammultis
1457 3304 1534 3353 ante
1556 3305 1704 3354 mortem
1727 3309 1788 3355 an·

438 3387 498 3461 nis
510 3382 553 3453 ab
561 3381 809 3481 Hierosolyma
828 3385 865 3453 &
878 3379 1192 3470 circumjacentibus
1206 3376 1404 3473 regionibus
1422 3373 1529 3472 usque
1546 3379 1590 3448 ad
1609 3379 1787 3477 Illyricum

434 3474 633 3577 implevisse
654 3475 687 3551 se
735 3478 915 3551 raedicandi
937 3475 1116 3573 Evangelii
1134 3472 1261 3547 Chrilli
1283 3496 1407 3545 munus
1428 3476 1577 3548 testatur.
1597 3479 1703 3549 Rom.
1715 3502 1786 3551 xv:

436 3572 502 3672 19.
531 3582 662 3651 Verum
691 3506 733 3647 is
755 3570 871 3648 caussae
903 3576 954 3650 isti
979 3569 1172 3644 adversatur
1191 3572 1345 3668 potius,
1385 3596 1490 3668 quam
1514 3591 1553 3644 ut
1576 3598 1650 3644 eam
1677 3576 1786 3661 juvet.

438 3682 537 3752 Nam
556 3672 723 3773 quantula
742 3677 780 3745 e‘a
797 3673 913 3770 portio
931 3669 976 3742 est
996 3666 1145 3766 respedu
1169 3662 1313 3740 universi
1333 3664 1348 3737 ἓ
1374 3672 1417 3740 Et
1439 3693 1549 3765 quum
1565 3667 1634 3767 ipse
1652 3670 1787 3765 pluscu-

438 3776 517 3849 teri
538 3771 720 3852 laboravit,
749 3794 782 3844 1.
796 3776 959 3843 Conxv:
987 3790 1042 3841 10.
1070 3762 1251 3863 stsrngulis
1261 3763 1461 3837 tantundem
1473 3786 1636 3838 tetrarum
1645 3768 1788 3865 assigne-

438 3892 530 3951 tur,
557 3867 707 3941 multum
736 3865 847 3939 adhuc
867 3862 1042 3964 supererit.
1095 3866 1186 3954 Quis
1217 3883 1298 3957 ergo
1320 3857 1445 3932 horum
1466 3861 1512 3934 est
1530 3859 1642 3936 sensus
1662 3866 1787 3938 verbo·

436 3962 551 4043 rum?
577 3970 658 4038 Hoc
679 3964 756 4037 vult
774 3964 978 4041 Dominus,
1005 3986 1074 4033 non
1095 3982 1174 4031 ante
1192 3957 1455 4031 exscindendam
1481 3958 1647 4032 rebellem
1673 3965 1787 4033 natio-

437 4087 522 4140 nem
542 4062 754 4161 Judaicam,
791 4085 897 4157 quam
917 4057 1099 4154 Evangelii
1126 4055 1240 4137 sama,
1276 4055 1345 4126 late
1362 4080 1422 4150 per
1450 4055 1570 4128 orbem
1587 4055 1722 4157 sparsa,
1751 4061 1788 4133 δι

444 4159 587 4258 Judaeos
609 4159 723 4231 ubivis
743 4157 808 4229 sete
838 4178 1002 4228 terrarum
1031 4152 1265 4234 habitanteis,
1303 4154 1339 4223 &
1368 4152 1500 4249 genteis
1524 4151 1611 4251 ipsas
1630 4159 1785 4229 maximo

435 4280 586 4332 numero
611 4255 672 4347 (in
691 4253 755 4326 hos
776 4256 869 4326 enim
883 4251 973 4323 duos
991 4250 1142 4348 populos
1164 4269 1260 4320 totus
1280 4272 1445 4319 terrarum
1465 4250 1557 4322 orbis
1580 4249 1719 4349 dispesci
1731 4249 1787 4323 so·
1882 4328 1897 4338 ,

434 4350 514 4441 let)
543 4354 728 4427 convicerit
743 4351 787 4423 de
810 4349 1009 4423 intaminata
1028 4347 1096 4417 Dei
1109 4345 1235 4436 justitia
1249 4349 1284 4416 in
1296 4368 1368 4416 tam
1381 4346 1559 4438 tremendo
1572 4349 1685 4421 dilecti
1699 4350 1785 4434 olim

434 4448 564 4555 populi
582 4449 703 4521 exitio.
755 4448 906 4523 Nullum
925 4467 1041 4519 autem
1068 4464 1147 4516 tunc
1167 4443 1335 4540 temporis
1361 4462 1458 4521 tettae
1484 4443 1651 4548 angulum
1668 4443 1786 4540 super·

442 4591 447 4606 ·
536 4544 627 4627 Tem
651 4548 704 4621 11.
1167 4542 1205 4617 Χ
1225 4564 1251 4617 x
1689 4531 1784 4613 luisse
