4667 5442
645 513 1568 602 orssrltrtrrororsrorrcr.
1733 549 1802 625 ιιι

435 718 581 772 teneram
597 692 706 771 sedulo
723 717 848 787 monet,
875 723 918 771 ne
936 700 1053 798 quovis
1068 700 1224 773 doiirinae
1239 717 1339 774 vento
1354 700 1461 803 abripi
1475 701 1508 780 se
1523 709 1674 806 patiatur.
1725 713 1806 790 (ἴε.
1955 731 1960 744 ’

436 821 544 874 terum
559 799 598 869 ad
615 822 707 879 rem,
738 794 893 897 siphori,
916 805 1096 873 veniamur.

535 898 564 973 1.
598 902 761 995 Equidem
781 895 824 970 fic
837 900 1010 985 existim03
1041 898 1319 996 quemadmodum
1344 904 1380 973 in
1395 907 1487 976 omni
1502 905 1680 1002 quastione
1698 912 1743 983 ita
1766 919 1803 988 dc

437 1002 474 1072 in
488 996 574 1081 hac,
604 1019 693 1071 certa
708 998 751 1072 ab
769 1003 924 1091 incertis,
957 1026 995 1074 ea
1011 1001 1053 1072 de
1100 996 1196 1073 uibus
1208 997 1364 1099 disputari
1384 1004 1486 1101 potest
1504 1003 1547 1076 ab
1566 1008 1606 1077 iis
1627 1032 1701 1107 quae
1721 1011 1804 1085 citra

435 1124 572 1173 omnem
596 1096 823 1197 disputationis
836 1098 939 1171 aleam
954 1097 1055 1201 pofita
1073 1025 1176 1181 lunt,
1202 1100 1381 1197 prudenter
1399 1101 1461 1175 elle
1483 1105 1734 1205 distinguend23
1766 1118 1802 1186 de

436 1204 486 1271 rei
506 1202 613 1296 potius
635 1223 802 1273 momenta
823 1197 885 1271 ell'e
906 1197 1082 1291 libranda,
1119 1223 1221 1297 quom
1238 1221 1274 1272 ut
1295 1201 1337 1271 de
1358 1200 1472 1276 vocula
1490 1205 1697 1282 incommode
1716 1212 1804 1283 diua

436 1296 538 1372 otiose
554 1323 587 1372 at
612 1324 654 1371 ue
667 1299 778 1371 odiose
796 1297 1012 1374 altercemut:
1048 1296 1108 1372 nifi
1130 1296 1266 1371 fortaffis
1287 1298 1466 1376 vehemens
1479 1300 1616 1403 sulpicio
1632 1305 1691 1391 stt,
1715 1312 1803 1384 virne

434 1396 568 1496 aliquod
587 1324 722 1488 inbelle,
747 1398 836 1495 quod
851 1403 936 1471 vires
952 1397 1021 1471 suas
1042 1397 1218 1496 periclitari
1238 1400 1367 1498 geiiiat.
1839 1399 1842 1404 ’

536 1499 582 1574 11.
618 1500 729 1596 Atque
745 1501 782 1570 in
799 1524 842 1570 eo
858 1504 1002 1599 primum
1017 1521 1131 1574 omnes
1148 1501 1373 1592 conveniunt,
1398 1526 1453 1575 nen
1467 1500 1541 1599 poffe
1557 1506 1589 1577 ii
1606 1529 1663 1579 non
1676 1504 1727 1597 effe
1748 1530 1803 1602 ou

437 1620 506 1669 rom
524 1601 602 1691 quod
613 1605 692 1671 reiiae
710 1602 800 1672 Ratio
813 1601 922 1673 bomini
940 1603 1051 1691 diiiat,
1077 1597 1142 1674 sive
1156 1600 1246 1696 quod
1258 1624 1298 1671 ex
1314 1599 1503 1676 indubitata·
1523 1611 1666 1680 veritatis
1680 1612 1805 1705 princi·

438 1702 514 1795 piis,
540 1701 698 1787 euidenti,
724 1696 916 1798 perspicua,
942 1710 976 1774 dr
992 1723 1153 1797 nusquam
1167 1703 1278 1771 hiante
1294 1707 1594 1800 argumentatione,
1621 1710 1802 1782 deducitur.

439 1801 530 1897 Quia
544 1794 612 1897 ipse
628 1802 736 1880 Deus,
760 1803 915 1873 Veritatis
930 1798 1022 1890 fons,
1057 1824 1095 1870 ac
1112 1802 1231 1871 mentis
1254 1801 1367 1873 nostrae
1381 1804 1526 1884 Λιιᾶοι,
1553 1806 1752 1906 luminisque
1767 1814 1805 1883 in

437 1921 478 1970 ea
494 1894 692 1998 splendentis
705 1901 811 1997 origo,
833 1904 868 1973 id
882 1924 940 1973 nos
955 1924 1014 1999 pet
1028 1902 1205 1973 Rationem
1218 1899 1334 1971 docere
1352 1902 1529 1975 censendus
1545 1905 1603 1979 esi.
1641 1901 1643 1906 ’

544 1998 608 2073 111.
642 2001 704 2072 Sed
726 2008 762 2073 dt
776 1998 811 2070 id
828 2003 915 2099 apud
929 2002 1043 2074 nostrae
1057 1993 1263 2100 profelliouit
1276 1996 1426 2073 homines
1446 2024 1535 2075 extra
1554 2000 1804 2082 controversiam

436 2097 501 2172 elle
518 2097 629 2179 debet,
648 2101 739 2193 primi
752 2105 885 2193 patentis
898 2102 975 2172 vitio
987 2123 1024 2172 aa
1038 2101 1160 2170 minine
1174 2099 1306 2192 viginem
1321 2101 1519 2175 humanatam
1536 2106 1697 2185 mentium,
1721 2109 1804 2201 inge-
1835 2107 1841 2120 “

436 2200 481 2270 nii
504 2202 693 2271 acrimoniam
704 2222 741 2271 ac
752 2199 862 2293 judicii
877 2200 1079 2290 soliditatem,
1101 2200 1265 2294 plurinum
1277 2199 1468 2274 imminuunt
1492 2221 1581 2296 atque
1599 2206 1726 2293 retusam
1741 2205 1805 2295 effe,

434 2294 481 2370 stc
496 2320 532 2372 ut
545 2298 686 2400 plurima
702 2296 782 2371 scitu
800 2298 891 2371 utilia
909 2303 1059 2398 ignorare
1074 2321 1242 2397 cogamur,
1270 2296 1331 2369 alia
1348 2298 1449 2372 multa
1462 2300 1651 2377 difficultate
1664 2308 1719 2377 vix
1731 2327 1803 2379 tan·
1861 2383 1864 2388 ,

437 2399 515 2469 elem
533 2396 759 2495 adsequamur,
785 2402 821 2468 in
836 2399 999 2472 nonnullis
1015 2404 1134 2478 etiam,
1159 2421 1233 2495 quae
1249 2419 1339 2471 certo
1360 2424 1418 2472 nos
1438 2403 1519 2473 leire
1537 2406 1662 2501 opinati
1682 2403 1805 2487 sumus.

436 2496 533 2570 valde
552 2520 697 2569 erremus
714 2518 814 2596 atque
830 2497 995 2572 fallamur.
1058 2502 1164 2595 Cujus
1182 2502 1299 2570 erroris
1322 2500 1426 2570 causli
1440 2519 1507 2573 non
1522 2505 1621 2590 Deo,
1645 2504 1697 2578 sed
1716 2527 1805 2579 com-

437 2600 534 2671 muni
550 2620 671 2671 naturae
686 2600 898 2696 corruptioni,
922 2607 957 2672 δι
972 2598 1080 2671 nostro
1093 2620 1229 2697 quoque
1245 2600 1344 2679 vitio,
1369 2597 1579 2674 adscribenda
1593 2603 1642 2678 stt.

537 2702 599 2774 lv.
629 2701 745 2772 Tertio
766 2706 802 2773 &
826 2696 889 2771 hoe
903 2702 938 2769 in
954 2695 1094 2771 confeffo
1117 2697 1181 2769 elle
1196 2694 1354 2780 arbitror,
1380 2703 1524 2774 tationem
1537 2698 1805 2795 nostramnatuta·

436 2800 496 2870 iem
508 2800 594 2870 certis
606 2792 851 2892 circumscriptum
862 2798 913 2888 effe
931 2798 1089 2879 imitibns,
1111 2821 1184 2890 quos
1201 2797 1394 2888 transcendere
1409 2823 1466 2871 non
1486 2806 1617 2885 valeat,
1643 2824 1806 2895 quaeram·

437 2899 488 2970 vis
499 2901 626 2971 nitatur.
677 2895 771 2974 Pone
785 2900 922 2997 quidem
942 2897 1111 2972 hominem
1127 2895 1195 2971 solo
1214 2900 1350 2970 rationis
1367 2896 1492 2971 lumine
1512 2903 1677 2997 adjutum,
1699 2926 1807 3001 eoque

437 2995 612 3097 diligenter
631 3020 788 3080 utentem,
811 3000 913 3072 multa
930 2996 1039 3077 dese,
1062 2997 1277 3068 multoeciam
1296 2999 1337 3064 de
1352 3000 1426 3067 Deo
1442 3000 1656 3095 cognoscere,
1681 3025 1754 3098 quae
1766 3002 1807 3074 ad

440 3100 507 3168 Dei
519 3100 696 3174 ellentiam,
720 3097 934 3172 existentiam,
950 3094 1113 3172 attributa,
1137 3098 1291 3174 virtutem
1318 3116 1392 3186 quae
1410 3096 1449 3164 ad
1467 3116 1685 3170 creaturarum
1701 3103 1808 3170 omni-

440 3194 736 3278 umomnimodam
753 3191 770 3261 i
788 3196 862 3265 Deo
887 3193 1168 3290 dependentium
1202 3215 1275 3287 que
1291 3193 1332 3261 ad
1352 3187 1495 3264 hominis
1514 3190 1649 3288 officia;
1681 3220 1756 3293 quae
1767 3197 1809 3270 ad

439 3291 605 3368 bonorum
625 3318 663 3368 ac
675 3295 821 3391 turpium
839 3290 1025 3365 discrimina
1040 3295 1227 3391 pertinent3
1253 3288 1380 3390 aliaque
1396 3294 1429 3363 id
1446 3319 1549 3392 genus
1580 3293 1808 3395 aliquammul·

441 3413 486 3468 ta.
563 3396 626 3469 Sed
646 3404 682 3469 dt
700 3417 767 3466 non
785 3417 886 3492 pauca
903 3389 937 3466 su
984 3392 1061 3465 telle
1077 3389 1300 3491 cognoscenda
1314 3395 1354 3463 ad
1368 3416 1478 3466 veram
1497 3416 1716 3495 aeternamque
1732 3394 1806 3469 bea·
1885 3488 1889 3496 ι

442 3495 638 3576 titudinem,
664 3519 742 3591 quae·
753 3491 882 3567 aliunde
897 3495 931 3565 di
945 3493 1048 3565 cenda
1064 3515 1164 3590 quam
1179 3518 1219 3566 ex
1234 3490 1358 3566 lumine
1375 3494 1524 3568 Rationis
1539 3542 1551 3577 ‚
1583 3520 1724 3595 quaeque
1745 3502 1809 3572 im.

442 3592 556 3668 menso
571 3597 809 3696 propemodum
829 3591 999 3667 intervallo
1019 3596 1261 3667 excedunteam
1283 3591 1488 3668 altitudinem
1503 3597 1544 3667 ad
1560 3619 1660 3693 quam
1677 3622 1807 3670 accura-

441 3689 573 3769 tiffimis
590 3700 689 3769 etiam
705 3693 972 3769 meditationibus
987 3697 1067 3765 eniti
1084 3718 1177 3767 mens
1194 3692 1337 3766 humana
1352 3692 1469 3771 valeat.
1518 3694 1615 3768 Talia
1629 3693 1721 3775 sunt,
1751 3700 1809 3769 tri·

442 3792 727 3969 qmpeqsonarqm
740 3801 779 3968 iq
795 3796 963 3968 iqdiquuq
977 3798 1249 3971 Deitqqunitan
1272 3817 1379 3985 {aque
1393 3800 1504 3967 qmnia
1516 3793 1594 3989 fidsei
1610 3797 1723 3916 noire
1736 3819 1810 3971 ⁰3⁶·

474 3920 542 3969 ena
579 3921 599 3971 e
640 3920 674 3969 ιιι
700 3919 738 3969 ιιι
780 3920 870 3969 auus
911 3916 991 3968 rxtt:
1026 3919 1040 3973 1
1088 3920 1138 3970 or.
1157 3914 1199 3969 ιι.
1215 3914 1254 3989 7.
1296 3947 1305 3967 .
1319 3917 1360 3986 9.
1405 3919 1541 3988 nquinat
1567 3915 1726 3993 apientiam
1784 3922 1811 3970 ea

446 4000 480 4071 in
497 3919 639 4097 monol
662 4000 804 4070 maaian
818 3999 911 4077 iiam,
930 4020 1021 4089 qaam
1031 3996 1204 4091 prefinimat
1218 4002 1306 4069 Deus
1317 3994 1510 4085 arceſsiuit,
1527 4000 1570 4070 ei
1582 3997 1707 4093 uolitant
1717 3999 1812 4094 gimi-

444 4121 525 4170 am:
567 4122 658 4191 quam
676 4121 758 4168 nemo
771 4096 1032 4192 principamsecaii
1047 4096 1137 4186 bojas
1151 4099 1307 4191 cognovit:
1333 4098 1389 4186 sed
1397 4097 1477 4188 ficut
1491 4096 1637 4193 scriptum
1657 4096 1719 4186 est,
1748 4120 1811 4189 que

445 4202 551 4270 oraim
565 4222 621 4271 mn
633 4200 723 4276 vidit,
744 4221 794 4270 nea
805 4195 894 4269 aeris
909 4198 1038 4276 audivit,
1061 4199 1156 4269 necin
1174 4216 1297 4271 mentem
1313 4198 1433 4269 bominis
1448 4218 1603 4276 vennam.
1648 4202 1732 4298 Qae
1747 4195 1811 4268 hu·

444 4304 499 4397 jus
514 4302 644 4397 generis
664 4295 759 4379 sunt,
785 4322 823 4371 ea
841 4294 865 4367 fi
882 4301 1069 4398 cogniturus
1090 4293 1261 4388 sichomo,
1290 4320 1313 4371 o
1360 4316 1422 4370 rtet
1436 4318 1471 4372 ut
1490 4299 1811 4401 persstpmnatutalue

447 4402 679 4483 revelation.
702 4421 777 4500 qnae
789 4398 811 4474 i
825 4419 906 4473 mma
924 4399 1048 4472 raeionis
1066 4396 1192 4475 lumine
1208 4399 1300 4475 diver
1431 4399 1499 4493 eli,
1523 4396 1745 4572 notificentqq.

1062 4519 1065 4524 ·
1194 4521 1212 4571 r
1632 4502 1678 4573 V.
1735 4520 1811 4577 orre
