4667 5442
646 486 722 583 Dr
759 483 957 583 Eueno.
993 486 1049 581 In
1085 481 1317 584 Aurnrc·
1354 486 1585 586 Paeneo·
1708 508 1805 617 329

460 644 599 743 ipfiscum
619 651 657 721 de
677 676 755 723 vero
779 655 848 725 Dei
867 653 973 733 cultu,
996 655 1035 725 de
1057 655 1213 725 creatione
1231 677 1359 733 rerum,
1381 656 1419 727 dt
1438 650 1509 727 labe
1529 656 1573 729 ab*
1601 653 1695 727 ruina
1706 678 1803 750 gent-

459 744 669 828 resumam,
695 745 901 837 &fimiiibut
918 750 1072 843 religionis
1091 748 1268 832 Gurstiana
1294 748 1449 845 capitibus
1471 748 1656 843 deffiruiffe,
1680 749 1802 849 quibus,

456 838 619 1027 ροῗςκαηι
636 846 711 916 duat
726 843 858 938 arnpliue
874 846 968 919 borae
985 870 1097 940 magna
1115 849 1399 919 cumadmiratione
1419 850 1462 920 (a
1484 853 1657 920 attentione
1685 847 1801 935 auscul-

460 958 497 1010 ta
520 958 594 1019 eret,
618 944 737 1013 dmum
753 947 903 1035 quendam
924 965 966 1013 etc
979 941 1153 1030 senioribus
1183 940 1384 1038 respondisse,
1414 942 1530 1015 babere
1541 944 1577 1031 fe
1607 967 1647 1015 ex
1663 945 1801 1019 aliorum

458 1034 585 1115 relatu,
604 1036 675 1130 jam
692 1041 763 1108 inde
782 1036 925 1132 aprtfcit
944 1036 1156 1206 temporibus,
1182 1045 1225 1113 (φ
1245 1059 1318 1110 ante
1334 1040 1488 1133 plurimos
1508 1064 1621 1120 annos,
1645 1042 1801 1115 bominem

458 1129 561 1214 nolito
581 1157 666 1204 more
687 1130 852 1214 vestitum,
878 1137 921 1207 Θ*
939 1131 999 1206 bar
1019 1156 1135 1215 atum,
1159 1138 1192 1206 in
1209 1138 1333 1207 iliorum
1358 1132 1511 1225 deuenisse
1529 1154 1659 1216 terras,
1684 1141 1739 1233 qui
1753 1134 1796 1226 ft·

457 1227 529 1300 mili
546 1232 689 1301 oratione
714 1228 794 1324 ipsos
806 1228 865 1317 sub
887 1234 956 1304 Dei
972 1228 1148 1327 obsequium
1169 1236 1322 1304 adducere
1342 1253 1468 1304 conatur
1486 1228 1555 1319 fit:
1581 1257 1675 1329 quum
1692 1254 1797 1306 autem

456 1325 804 1421 majoraripsorumilli
815 1322 914 1413 fidem
932 1352 995 1399 non
1009 1326 1209 1408 adhiberem,
1232 1325 1599 1423 moxsmceffifflfalium,
1623 1333 1678 1424 qni
1686 1327 1796 1418 cufim,
1917 1389 1923 1397 .

449 1417 625 1519 symbolum
644 1422 882 1503 maledidiom'e,
909 1424 966 1493 illie
984 1428 1149 1496 traderet:
1174 1422 1215 1496 ab
1234 1448 1270 1495 eo
1292 1442 1430 1518 tempore
1454 1422 1535 1494 beda
1551 1428 1593 1498 (a
1609 1423 1795 1515 diffenfioncs

448 1535 621 1613 perpetuat
638 1520 721 1590 inter
737 1517 816 1611 ipsos
838 1516 979 1614 uiguisse,
1029 1519 1162 1591 Similia
1182 1519 1289 1591 multa
1312 1519 1473 1617 congessit
1492 1525 1635 1593 Homine
1652 1526 1688 1592 de
1700 1531 1795 1595 Gent.

454 1612 1024 1709 Americ.0rig.lib.1v.cop.xv.
1059 1620 1156 1711 Apud
1174 1618 1358 1687 Mexicanos
1375 1620 1455 1688 ritut
1474 1616 1643 1699 cloristiani
1659 1619 1794 1712 plurimi
1847 1673 1856 1687 ,

456 1712 501 1783 (a
525 1712 763 1806 evidentt'ffuni,
789 1710 954 1783 Triniraru
974 1763 985 1791 ,
1009 1718 1298 1789 Sacramentum,
1316 1713 1469 1806 Baptismr‘
1487 1715 1632 1787 &Carra
1643 1717 1791 1799 Domini,

455 1804 648 1901 Confeffionie
666 1802 805 1901 expressa
823 1811 984 1880 memoria.
1038 1812 1134 1901 Apud
1155 1812 1333 1900 Jruatanos
1353 1833 1451 1881 xxxv
1478 1813 1597 1882 dicrum
1618 1810 1787 1903 jejunium,

450 1908 615 1976 Santonum
633 1907 829 1976 Sacerdotem
843 1904 935 1991 mum
957 1907 1123 1978 Mexicani
1141 1908 1320 1977 PAPAM
1334 1924 1457 1977 uocant.
1506 1907 1618 1980 Cultut
1639 1911 1682 1982 (9·
1701 1931 1792 1981 orna·

449 2018 506 2074 tut
518 2001 715 2088 sacerdotum
734 2005 906 2081 Peruvia,
940 2022 977 2073 ut
997 2005 1079 2095 apud
1111 1998 1300 2081 Christianos
1329 2002 1557 2096 Episcoporum.
1608 2010 1683 2077 Nec
1704 2010 1791 2099 quid·

449 2120 545 2194 quam
557 2094 703 2178 illustrium
712 2098 971 2188 Jncatanenfium
986 2098 1165 2191 Baptismo:
1192 2102 1229 2168 de
1249 2122 1309 2193 quo
1329 2105 1493 2178 Herrcra,
1518 2104 1624 2171 datum
1638 2105 1669 2172 ei
1680 2126 1789 2173 nomen
1902 2161 1906 2165 .

451 2218 828 2268 urceuanarrours:
856 2193 1103 2276 administratum
1125 2189 1389 2282 infantibusanno
1408 2200 1618 2268 matntertio.
1669 2204 1790 2267 Paren-
1841 2277 1852 2290 ³

450 2312 501 2365 tes
521 2294 613 2362 adid
626 2289 689 2378 sese
705 2286 829 2385 paraffe
852 2290 1033 2384 jejunio&
1052 2289 1283 2376 secrebationt·‚·
1310 2288 1451 2385 acccffiffe
1473 2287 1637 2378 confitendi
1655 2317 1790 2373 morem,

448 2390 494 2462 (θ’
509 2386 678 2459 amisionem
691 2392 724 2457 in
740 2387 852 2473 pionte.
905 2396 1014 2461 Cruces
1027 2392 1061 2460 in
1082 2387 1245 2466 Gouumal
1262 2390 1304 2461 (a
1322 2392 1467 2480 thcatan
1493 2407 1620 2483 reperta
1640 2417 1647 2460 ε
1676 2392 1718 2462 (a
1741 2414 1790 2461 co-

443 2487 557 2579 gaitae
576 2481 649 2579 ipfis
664 2486 723 2555 ‘vir
733 2482 798 2570 fiola
818 2484 970 2566 lucidior,
994 2487 1048 2579 qui
1065 2486 1098 2555 in
1109 2508 1201 2555 cruce
1211 2481 1314 2578 passere
1327 2484 1382 2576 fit.
1433 2489 1581 2559 Mortuos
1602 2484 1789 2571 restantibu-

447 2607 502 2658 ros
523 2585 666 2653 Peruani
684 2575 850 2653 eredebant
868 2606 876 2650 ε
897 2586 976 2652 unde
988 2579 1158 2674 Hispanos,
1176 2578 1321 2674 sepulcra
1339 2581 1523 2662 violantes,
1548 2586 1723 2676 deprecati,
1747 2606 1788 2655 nt

427 2675 511 2770 *offic
526 2675 714 2757 turbarent,
739 2679 956 2771 impedimento
974 2682 1008 2748 id
1020 2674 1246 2769 resurgentibus
1262 2675 1335 2768 fhre
1354 2684 1430 2750 rati.
1483 2683 1568 2750 Haec
1581 2680 1617 2749 &
1630 2679 1665 2749 id
1678 2702 1788 2773 genus
1873 2752 1875 2756 .

446 2776 659 2871 compluria,
687 2799 766 2871 quae
788 2770 938 2845 Lusitani
958 2797 1061 2869 atque
1083 2770 1225 2871 Hispani
1240 2776 1275 2846 in
1293 2777 1449 2847 America
1469 2777 1693 2856 invenerunt,
1716 2798 1788 2848 non

446 2872 714 2946 introduxerunt
734 2867 915 2967 secumque
932 2872 1146 2952 attulerunt,
1177 2871 1326 2943 evidenti
1346 2872 1476 2943 indicio
1495 2863 1591 2951 sunt,
1621 2868 1786 2942 Christia-

447 2995 529 3044 nam
551 2967 755 3065 religionem
766 2968 1024 3065 antiquitat-ibi
1038 2970 1212 3065 cognitam
1232 2963 1351 3048 fuisse,
1381 2965 1464 3051 sed,
1493 2990 1532 3039 ut
1555 2964 1624 3038 fieri
1640 2963 1786 3048 adsolet,

446 3065 630 3165 paullatim
647 3061 882 3161 superstitione
899 3065 1060 3139 soedatam
1075 3069 1122 3137 ita
1145 3061 1416 3160 degeneravisse,
1444 3087 1483 3135 ut
1503 3064 1628 3136 alicubi
1646 3057 1787 3135 nonnisi

446 3162 611 3261 quaedam
629 3162 737 3232 veluti
769 3161 931 3257 fugientis
950 3165 1066 3232 tenuia
1085 3158 1245 3255 supersmt
1273 3159 1423 3255 vestigia.
1476 3162 1512 3231 Si
1531 3184 1613 3230 vero
1631 3157 1672 3229 ab
1699 3159 1789 3227 anti·

445 3259 617 3357 quiffimis
637 3259 852 3353 temporibus
882 3259 1061 3352 praedicata
1084 3257 1132 3326 ibi
1154 3254 1343 3325 Christiana
1372 3257 1495 3349 religio
1515 3252 1553 3324 stt
1577 3300 1588 3334 ,
1616 3279 1634 3324 a
1659 3252 1788 3349 quibus

445 3382 524 3427 eam
539 3353 757 3448 praedicatam
769 3353 963 3435 malumus,
991 3376 1097 3447 quam
1113 3348 1156 3419 ab
1178 3346 1253 3445 ipsos
1274 3347 1470 3444 Apostolis‚
1499 3352 1622 3421 virisve
1638 3346 1790 3445 Aposto-

462 3452 547 3524 'cisi

441 3452 471 3528 h
543 3550 680 3618 XVIII.
707 3542 995 3618 Dissimulandum
1016 3565 1128 3615 tannen
1159 3539 1316 3623 nonest,
1346 3543 1507 3616 omnibus
1530 3536 1648 3626 hisce,
1677 3566 1898 3645 quan-mn·

446 3647 536 3720 tavis
562 3641 804 3740 probabilitate
833 3638 1074 3737 disputentur,
1113 3639 1228 3719 duas,
1258 3660 1361 3735 atque
1391 3666 1445 3711 eas
1466 3640 1609 3736 quidem
1638 3642 1940 3737 maximio-fficium·

444 3741 614 3815 momenti
630 3786 641 3820 ,
669 3737 887 3810 difficultates
899 3736 1053 3810 obstare:
1080 3738 1216 3834 primo,
1242 3737 1341 3832 quod
1360 3758 1453 3808 totus
1468 3738 1527 3808 ille
1540 3740 1705 3811 Americae
1716 3755 1827 3829 tra-trs
1841 3739 1939 3828 lineae·

444 3843 519 3911 &us
539 3839 611 3926 ejus
627 3837 692 3907 aevi
711 3833 931 3914 hominibus,
959 3858 1031 3929 quo
1051 3832 1208 3929 Apostoli
1219 3834 1399 3913 vixerunt,
1428 3829 1562 3929 prorsus
1576 3832 1831 3907 suentium-”⁸
1851 3810 1913 3869 ''¹⁵“

444 3936 587 4033 guitur,
615 3929 730 4003 tumsr
750 3932 806 4003 vel
819 3932 977 4026 cognitus
999 3926 1135 4008 suisset,
1164 3952 1256 4000 tanta
1277 3950 1392 4000 tamen
1415 3930 1572 4002 locorum
1595 3912 1802 4027 intercape-⁰
1837 3890 1913 3964 ’Μ

445 4033 530 4101 dine
550 4056 569 4101 a
590 4031 719 4100 caeteris
736 4051 832 4099 terrae
851 4027 1005 4122 partibus
1019 4026 1118 4097 fuerit
1135 4026 1307 4104 semotus,
1336 4026 1433 4096 nullo
1455 4049 1493 4097 ut
1505 4026 1624 4097 itinere
1644 4028 1729 4098 adiri
1740 4027 1782 4099 ab

442 4123 623 4222 Apostolis
642 4126 805 4221 potuerit.
868 4128 949 4208 Quo
975 4125 1065 4192 enim
1094 4126 1192 4217 pasto
1218 4123 1282 4192 iter
1311 4121 1400 4191 illud
1418 4116 1515 4192 suum
1544 4117 1782 4195 confecissent?

439 4230 501 4301 An
520 4244 607 4294 terra
623 4225 659 4293 δι
674 4220 822 4318 pedibus
844 4217 857 4288 ἓ
887 4220 991 4315 Atqui
1014 4242 1125 4289 novus
1138 4215 1196 4287 iste
1214 4218 1328 4298 orbis,
1348 4214 1785 4313 ‚quantumhailenuscom

440 4320 537 4401 stat,
564 4344 583 4389 a
603 4316 737 4415 reliqua
755 4340 843 4390 terra
854 4313 1032 4387 habitabili
1045 4308 1180 4409 prorsus
1193 4308 1363 4409 separatus
1383 4312 1437 4386 est.
1490 4316 1706 4386 Maritimum
1720 4317 1784 4386 ita-

438 4440 514 4519 que
534 4417 762 4594 bpnauticlum
783 4416 848 4490 iter
867 4409 930 4485 elle
958 4410 1124 4507 oportuit.
1191 4410 1301 4576 ilpqui
1324 4407 1452 4484 vastum
1473 4409 1576 4487 illum
1602 4415 1781 4521 Oceanum

572 4536 634 4591 vm·
666 4517 723 4593 l·
1255 4527 1269 4579 t
1679 4529 1784 4579 mter·

2020 535 2044 590 Λ
