4667 5442
483 468 583 591 716
809 471 1029 564 Ouinio
1065 463 1241 556 Inlue.
1277 409 1550 553 Lamnus?-

804 631 961 729 ‘fiugente
982 656 1003 704 a
1019 627 1087 721 sole
1110 631 1150 701 ad
1174 648 1245 699 cum
1268 646 1331 723 quo

654 730 834 828 Vespertina
857 751 942 802 teet
966 730 1070 823 tegio,
1093 759 1225 774 --···
1348 816 1356 831 ·
1608 813 1617 828 ⁶
1645 812 1653 828 ⁰

488 823 753 908 celebratissrmi,
780 827 815 897 in
833 750 980 899 veslrum
1000 848 1055 896 me
1076 820 1234 894 ordinem
1243 813 1336 891 haud
1346 810 1533 889 illubentes
1547 830 1710 911 recipitee
1728 831 1824 911 quern

490 922 662 1020 collegam
683 947 752 995 non
768 918 904 1019 prorsus
920 917 1185 993 incommodum
1204 961 1216 998 ,
1244 935 1332 989 certe
1349 908 1437 984 nihil
1451 912 1566 984 minus
1586 933 1698 1009 quam
1717 933 1826 983 moro·

490 1018 587 1101 sum,
614 1018 767 1091 sirmrum
787 1012 878 1100 elle,
906 1018 1037 1115 optima
1056 1010 1122 1086 fide
1135 1011 1303 1109 spondeo.
1354 1012 1430 1083 Vos
1444 1008 1618 1106 imprimis
1630 1004 1828 1081 millon-

376 1144 379 1148 ·
489 1120 565 1211 gine
588 1115 782 1225 Auillius,
819 1120 878 1189 Tu
899 1111 1026 1187 inclute
1044 1111 1292 1189 SPANHEMI
1313 1140 1336 1191 ,
1352 1102 1482 1205 grande
1503 1102 1638 1179 ordinis
1657 1101 1762 1179 nollri
1775 1103 1828 1177 de·

493 1232 699 1304 cus,cu1us
1285 1268 1288 1274 .

829 1305 937 1396 unose
957 1307 1079 1398 peceare
1104 1304 1214 1383 cuma
1236 1299 1376 1387 νῆψις

662 1407 826 1487 Condidit,
851 1409 894 1480 da*
918 1406 1019 1495 major
1044 1405 1172 1479 coleos
1194 1396 1320 1474 viribus
1343 1400 1436 1473 exit:

499 1508 556 1575 Tu
578 1500 807 1576 facundissime
831 1507 865 1573 T
867 1506 1135 1589 RlGLllND13
1170 1502 1228 1572 Tu
1262 1495 1449 1570 douiffime
1473 1494 1706 1581 Mnucxr,
1733 1497 1827 1571 vetui

500 1598 586 1675 mihi
604 1599 840 1673 necessitudine
858 1600 961 1688 jundli
974 1596 1126 1682 sodales,

834 1699 965 1779 animo,
989 1696 1096 1793 quales
1114 1718 1213 1793 neque
1235 1693 1430 1768 candidiores

671 1792 773 1867 Terra
795 1795 893 1876 tulit,
918 1817 1015 1891 neque
1033 1796 1119 1889 queri
1135 1815 1187 1866 me
1201 1791 1244 1880 fir
1262 1789 1435 1865 devinctior
1451 1790 1558 1875 alren·
1608 1832 1610 1838 ·

503 1887 609 1967 socias
620 1894 709 1991 porri
738 1892 783 1963 ite
795 1891 954 1972 dextras,
981 1888 1111 1994 quibus
1126 1884 1354 1986 caespitanrem
1366 1884 1530 1970 firmetis,
1558 1887 1732 1963 labantem
1744 1880 1824 1961 susti·

504 1992 637 2071 neatis,
667 1913 781 2061 seslgum
802 1989 868 2059 viae
890 1986 1120 2083 protraharis,
1149 1983 1474 2080 molestiarumque,
1511 1981 1582 2067 line
1604 1985 1733 2084 quibus
1761 1983 1822 2057 hec

504 2089 575 2159 vita
592 2112 662 2159 non
683 2085 749 2167 est,
778 2082 924 2157 saturum
939 2084 1096 2156 amicitiae
1113 2077 1275 2153 suavitate
1297 2080 1471 2156 socilletiS.

602 2188 678 2256 vos
697 2183 880 2279 denique,
905 2182 1195 2274 Noululsslnrl
1219 2178 1433 2275 JUVENES
1455 2224 1466 2261 ,
1493 2174 1582 2254 sacra
1602 2183 1715 2263 Deo,
1742 2175 1821 2254 chau

508 2277 593 2355 mihi
618 2284 795 2379 pignora,
831 2272 967 2376 siquid
991 2273 1072 2359 est,
1106 2274 1206 2373 quod
1238 2298 1291 2347 ars
1327 2297 1431 2357 mea,
1476 2276 1608 2353 efficere
1632 2277 1732 2351 vobis
1753 2299 1821 2375 que·

430 2397 436 2413 ⁴
508 2400 565 2461 at,
592 2380 629 2450 id
649 2375 766 2449 vestris
782 2375 825 2447 ab
847 2372 926 2449 hinc
946 2371 1140 2447 commodis
1164 2371 1337 2444 addictum
1366 2371 1589 2471 dicatumque
1623 2371 1685 2447 elle
1709 2370 1816 2449 scitote.

507 2474 616 2566 Quod
638 2468 747 2547 Frisiis
770 2472 857 2546 olim
880 2473 997 2554 meis,
1025 2470 1124 2569 quod
1154 2467 1269 2566 postea
1293 2468 1524 2559 Ultrajedinis
1552 2471 1658 2555 dixi,
1685 2472 1722 2544 id
1738 2470 1818 2543 vobir

508 2595 597 2646 nunc
614 2570 734 2643 eadem
759 2565 914 2668 propensi
934 2569 1037 2642 animi
1060 2567 1230 2640 alacritate
1256 2588 1387 2663 repeto.
1442 2566 1631 2736 Quidcppid
1649 2561 1815 2650 habeo,fi

506 2668 595 2765 quid
607 2664 742 2749 habeo,
768 2668 870 2740 vobis
886 2663 1036 2738 habebo.
1087 2664 1199 2737 Vobis
1218 2663 1379 2746 studebo,
1403 2664 1506 2737 vobis
1523 2665 1557 2738 la
1583 2666 1715 2750 orabo,
1738 2663 1818 2738 vobit

507 2762 780 2837 commentabor.
830 2766 904 2834 Vos
923 2762 959 2833 in
980 2761 1111 2841 oculis,
1139 2784 1203 2834 vos
1214 2764 1248 2833 in
1263 2757 1332 2833 smu
1354 2783 1485 2857 geram.
1535 2769 1593 2835 Ne
1623 2789 1666 2836 ue
1685 2759 1817 2838 nucereti

507 2883 563 2933 me
577 2857 750 2940 detrecto,
779 2857 887 2930 modo
904 2857 1005 2930 vobis
1023 2851 1163 2955 prosim.
1212 2864 1287 2932 Vos
1302 2859 1444 2932 vicissim
1454 2858 1555 2932 vobis
1569 2788 1648 2958 iplis
1658 2854 1817 2935 nedesuie:

498 2951 567 3046 'sed
585 2953 668 3026 dum
686 2957 797 3027 virent
815 2978 947 3053 genua,
976 2954 1059 3026 dum
1079 2978 1290 3051 oportunum
1307 2957 1424 3051 gratiae
1433 2976 1574 3052 tempus
1587 2953 1741 3070 affulget,
1755 2977 1821 3029 con·

509 3051 607 3128 stanti
623 3050 826 3150 diligentia,
854 3046 976 3123 sincera
997 3054 1146 3148 pietate,
1174 3055 1402 3149 &inculpata
1423 3053 1618 3148 probitate,
1643 3056 1759 3152 dignos
1770 3073 1823 3124 vor

508 3155 586 3224 Deo
609 3144 738 3246 fingite.
790 3153 873 3220 Mea
890 3150 1013 3230 etiam,
1038 3147 1189 3232 silubet‚
1211 3149 1360 3223 fruimini
1378 3148 1580 3245 disciplina:
1609 3148 1824 3241 culusutilita·

507 3270 580 3322 tem
596 3248 631 3319 &
651 3248 793 3321 fructum
809 3270 872 3317 vos
885 3247 1051 3343 experiri,
1079 3270 1185 3343 quam
1198 3271 1253 3318 me
1264 3247 1446 3344 praedicare
1459 3248 1570 3323 malo.
1623 3254 1752 3349 Rogare
1763 3268 1828 3320 mo·

510 3345 584 3425 do,
606 3343 798 3441 postulate,
822 3342 1028 3417 obtundite:
1055 3346 1171 3415 omnia
1210 3367 1263 3416 uae
1277 3369 1352 3415 mea
1371 3342 1569 3419 sunt-vobis
1588 3349 1741 3448 exigite,
1763 3343 1828 3444 quir

508 3439 616 3515 vestra
633 3466 702 3514 non
722 3443 835 3512 minus
855 3464 961 3537 quam
981 3465 1054 3512 mea
1073 3435 1135 3509 else
1154 3369 1250 3513 vello.
1302 3447 1352 3514 lta
1366 3440 1444 3513 deni
1473 3464 1516 3513 ue
1536 3442 1605 3518 hoc
1626 3439 1830 3519 homiueud·

509 3538 622 3618 mini,
650 3540 703 3610 uti
721 3539 782 3635 qui
802 3534 900 3609 vestri
914 3537 1095 3627 nunejuris
1112 3536 1240 3621 fastus,
1266 3539 1425 3628 iujuriam
1445 3465 1505 3611 llbi
1526 3536 1601 3618 lie'ri
1622 3542 1739 3619 credet
1750 3586 1762 3628 ,
1783 3526 1829 3616 dl

507 3633 608 3706 vobis
627 3630 839 3708 inserviendo
852 3627 1080 3706 consumatur.

609 3736 687 3812 Tu,
712 3731 810 3803 Alme
821 3736 941 3813 Deus,
968 3733 1082 3802 omnis
1101 3731 1219 3829 gratiae
1235 3731 1272 3803 &
1285 3726 1457 3830 fipientiae
1475 3733 1554 3808 sons
1575 3740 1768 3835 perennis,
1788 3755 1834 3811 ω·

479 3824 646 3897 Χιιειτὶὶιυε
660 3824 789 3924 adspira
803 3826 923 3900 nollris
941 3873 951 3908 ,
980 3829 1015 3901 δι
1033 3829 1198 3900 Nominis
1218 3826 1387 3903 Numinis
1406 3856 1448 3902 ue
1473 3834 1524 3903 rui
1541 3840 1769 3909 reverentiam
1785 3831 1836 3907 ὼ·

511 3921 665 3994 centibus
683 3926 807 4020 pariter
823 3919 1102 4021 discentibusque
1123 3919 1259 4021 inspira.
1280 3925 1283 3931 ’
1310 3857 1523 4000 lncdlumem
1540 3924 1702 4016 servato,
1727 3936 1838 4032 &gn-

507 4018 565 4089 tiae
576 4038 643 4088 tuae
655 4019 828 4115 opulentia
843 4019 1079 4118 locupletato,
1101 4019 1322 4094 Academiam
1334 4020 1442 4107 hanc,
1467 4027 1642 4111 Patriam,
1664 4030 1839 4107 Ecclesiam

507 4111 722 4186 incolumem
744 4114 905 4198 servato,
934 4121 1072 4214 uitaque
1085 4118 1121 4188 dc
1143 4116 1339 4191 valetudine
1361 4124 1395 4193 in
1415 4122 1546 4195 multos
1563 4126 1737 4220 producu-
1750 4145 1841 4203 annot

435 4246 438 4252 ·
508 4200 653 4291 satiato,
682 4213 931 4285 Sereniffimum
946 4217 1082 4313 Magnae
1092 4214 1277 4287 Britanniae
1286 4221 1435 4317 Regem,
1458 4220 1660 4295 Academiae
1672 4229 1839 4303 Statorem,

507 4305 629 4384 Patriae
646 4308 903 4392 Liberatorem,
928 4307 1083 4384 Ecclefiae
1101 4310 1297 4385 Vindicem.
1349 4315 1545 4388 Incolumes
1557 4313 1716 4404 servato,
1744 4318 1842 4395 oroni-

507 4427 577 4506 que
590 4400 866 4483 benedictionum
878 4429 1004 4509 genere
1024 4406 1223 4496 cumulato,
1249 4407 1404 4489 lllullres
1424 4436 1463 4488 ac
1487 4412 1842 4595 NQbffiffm'Ad:
