4667 5442
547 507 646 615 628
799 491 1646 599 tinnimentum.

548 669 773 749 solummodo
799 662 978 743 decrevisse
1001 674 1146 748 Deum,
1174 686 1233 737 aut
1264 656 1417 736 meruisse
1442 658 1662 748 Christum,
1694 682 1741 737 ut
1760 659 1900 743 eleusis

551 766 826 865 consequendam
848 765 1077 840 remislionem
1100 761 1217 835 idonci
1248 754 1337 842 lint,
1367 755 1547 832 sicredant
1572 786 1583 833 t
1612 757 1680 834 sed
1703 763 1746 833 &
1765 786 1808 835 ut
1829 789 1900 839 cmo

550 866 722 947 credant,
747 867 786 937 δι
810 860 1035 937 infallibiliter
1055 859 1285 933 remissionem
1317 850 1583 953 consequantur.
1649 857 1789 931 Fidem
1823 859 1899 938 illan

553 965 609 1035 cui
627 960 856 1035 remissionem
875 959 1004 1032 addicit
1021 962 1137 1039 Deus,
1164 946 1228 1026 elle
1250 977 1325 1025 eam
1349 948 1510 1024 fiduciam
1530 955 1569 1026 in
1596 947 1794 1031 Christum
1815 960 1900 1034 anti·

550 1054 661 1131 fixum
681 1061 897 1130 servatorem
915 1078 1055 1137 meum,
1083 1076 1151 1151 qua
1168 1071 1283 1126 totum
1296 1050 1426 1145 recipio
1440 1046 1647 1132 Christum,
1679 1049 1898 1130 exclusim-

552 1155 654 1227 nibus
673 1154 863 1240 rivalibus,
889 1152 933 1224 ad
952 1147 1244 1242 justificationem,
1272 1142 1570 1219 sanilificationem
1589 1146 1812 1246 &gloriam
1832 1177 1842 1223 a
1861 1175 1898 1225 n·

504 1259 508 1266 '
555 1250 721 1323 tumbens
741 1252 777 1322 in
796 1243 898 1344 ipsius
917 1249 1065 1328 merita,
1101 1243 1353 1343 plenitudinem
1374 1287 1385 1324 ,
1413 1242 1610 1339 potentiam
1635 1289 1648 1325 ,
1678 1246 1724 1317 δι
1744 1245 1895 1322 curamd

552 1346 644 1420 illud
668 1370 772 1418 omne
806 1343 864 1418 sua
898 1345 954 1416 via
983 1339 1261 1440 perficiendum,
1299 1339 1398 1437 quod
1417 1334 1486 1436 ipse
1503 1334 1691 1434 promifit,
1714 1344 1756 1416 &
1771 1368 1895 1455 quocp

552 1442 708 1539 indigeo.
757 1446 840 1514 Non
852 1440 997 1538 quidem
1006 1464 1071 1511 nos
1083 1436 1312 1512 remissionem
1322 1436 1473 1533 accipere
1482 1436 1702 1533 priusquam
1717 1444 1896 1539 recipiamur

554 1537 730 1610 Christum
749 1562 761 1623 3
785 1533 844 1607 sed
862 1537 1010 1633 recipere
1023 1533 1199 1609 Christum
1213 1530 1325 1629 ipsum
1346 1555 1426 1604 cum
1445 1529 1617 1604 omnibus
1633 1527 1711 1608 suis
1724 1534 1893 1613 beneficii:
1918 1605 1923 1614 .

554 1629 599 1705 sic
619 1656 733 1706 tamen
745 1634 797 1707 uti
809 1633 903 1730 prius
922 1631 1057 1705 credam
1077 1634 1111 1703 in
1135 1625 1209 1726 ipso
1225 1628 1454 1701 remissionem
1473 1648 1710 1725 peccatorum
1739 1631 1895 1735 reposuit

556 1725 643 1812 esse,
672 1728 759 1801 mihi
786 1752 886 1825 aeque
917 1755 954 1803 ac
976 1728 1052 1800 aliis
1072 1726 1339 1825 peccatoribus,
1376 1724 1485 1796 modo
1502 1719 1623 1892 ipsum
1645 1723 1723 1801 fide
1744 1735 1892 1831 recipiam.

553 1823 666 1901 Usum
685 1820 766 1896 fidei
785 1825 829 1897 ad
848 1820 1122 1923 consequendam
1140 1821 1367 1895 remissionem
1378 1818 1467 1895 hunc
1486 1844 1503 1891 e
1532 1845 1571 1902 e,
1603 1848 1685 1897 non
1702 1850 1748 1900 ut
1765 1853 1895 1903 eamme·

553 1942 687 2003 reatui,
715 1943 893 2018 apportet,
913 1945 972 1993 aut
992 1943 1136 2018 quoque
1150 1918 1257 1990 modo
1282 1919 1426 1992 efficiat:
1453 1912 1510 1989 sed
1525 1937 1565 1988 ut
1583 1917 1809 2018 respondeat

552 2018 599 2094 lae
612 2018 813 2118 Evangelii,
842 2013 1028 2090 secundum
1049 2040 1155 2114 quani
1171 2020 1250 2086 Deo
1265 2009 1378 2087 visum
1391 2010 1437 2088 est
1457 2014 1635 2111 applicate
1658 2020 1773 2096 nobis
1794 2019 1888 2098 clos

550 2113 734 2208 justitiam,
763 2111 805 2187 sic
823 2136 939 2187 tamen
950 2116 1010 2185 uti
1036 2109 1068 2185 sa
1086 2107 1171 2184 fides
1191 2110 1355 2184 frutribus
1374 2112 1496 2183 mortis
1506 2109 1654 2210 christi
1686 2116 1887 2192 adnumero

471 2204 482 2212 ’
553 2211 599 2283 da
612 2208 662 2285 sit.
712 2210 842 2285 Idcirco
857 2235 926 2282 non
940 2235 1000 2307 per
1010 2139 1118 2281 idem
1136 2203 1281 2282 nancisci
1301 2231 1365 2281 nos
1389 2208 1444 2296 ius
1456 2206 1501 2279 ad
1511 2210 1765 2288 remissionem
1779 2235 1887 2315 propte

553 2306 753 2381 Christum:
778 2303 836 2379 sed
849 2308 917 2379 Dei
931 2307 1187 2405 promisfionem
1200 2307 1253 2395 jus
1267 2304 1368 2376 nobie
1379 2303 1423 2376 ad
1433 2305 1673 2381 remissionem
1687 2336 1885 2411 propitiine·

554 2406 619 2478 rita
639 2402 764 2477 Christi
786 2404 886 2485 dare,
907 2403 1048 2502 quando
1067 2402 1249 2478 credimus.
1302 2401 1442 2473 Interim
1457 2396 1562 2473 fidem
1581 2406 1829 2483 conditionem
1846 2431 1882 2481 rt·

554 2503 721 2575 missionis
739 2501 910 2598 appellare
926 2500 1058 2573 mavult
1068 2523 1174 2597 quam
1188 2496 1447 2571 instrumentum
1465 2525 1474 2571 t
1501 2500 1586 2595 quia
1599 2500 1784 2579 existimat
1793 2505 1880 2579 insin·

553 2599 662 2670 menti
680 2598 822 2669 notione
840 2596 918 2695 plus
936 2594 1023 2686 justo
1043 2590 1255 2671 caussalitatis
1275 2590 1354 2666 fidei
1365 2590 1509 2667 adscribi
1527 2620 1541 2681 3
1566 2597 1619 2669 ita
1636 2619 1759 2675 tamen
1777 2626 1812 2675 ut
1828 2601 1881 2675 fid·

553 2691 588 2767 le
609 2692 744 2767 excuset
762 2718 821 2765 eos
839 2693 965 2804 quibus
980 2691 1041 2764 hac
1053 2716 1139 2765 voce
1152 2695 1203 2766 uti
1218 2691 1326 2775 libet,
1355 2715 1466 2789 quum
1485 2690 1603 2765 credat
1617 2718 1685 2770 eos
1706 2698 1796 2772 niliil
1814 2693 1876 2771 aliud

459 2867 461 2873 ,
554 2788 746 2885 intelligere
767 2785 828 2860 nisi
851 2785 1111 2861 instrumentum
1130 2787 1285 2871 morale,
1316 2790 1415 2887 quod
1436 2788 1634 2863 conditioni
1662 2795 1872 2895 aequipollet:

554 2883 648 2955 unde
675 2883 877 2956 Orthodoxi
901 2881 1092 2980 promiscue
1111 2886 1154 2956 iis
1179 2885 1325 2957 vocibus
1345 2887 1396 2958 uti
1412 2882 1535 2959 solent.
1588 2888 1736 2975 Addit,
1760 2894 1875 2966 officio!

551 2974 635 3051 idei
652 2975 734 3061 effe,
763 3002 802 3052 ut
819 2976 975 3077 respiciat
987 2981 1031 3051 ad
1044 2979 1216 3054 Christum
1229 2980 1394 3081 illiusque
1411 2980 1599 3072 justitiam,
1631 2986 1672 3059 in
1687 3013 1765 3063 earn
1774 3010 1877 3063 recum

551 3074 633 3158 bat,
662 3102 808 3175 eamque
827 3098 979 3173 acceptet
995 3077 1040 3148 ad
1057 3077 1378 3153 condonationem:
1404 3100 1509 3176 atque
1526 3081 1565 3152 in
1587 3105 1632 3154 ea
1652 3110 1693 3158 re
1706 3083 1875 3187 singultiens

552 3169 617 3246 esse
634 3172 713 3245 lidii
734 3200 804 3272 prae
828 3176 923 3246 omni
947 3173 1013 3246 ilia
1041 3173 1226 3248 inhaerente
1245 3177 1353 3273 gratia
1380 3178 1564 3250 rationem.
1618 3184 1781 3258 Attamen
1795 3174 1872 3276 quod

550 3294 612 3438 prbr
629 3267 735 3439 istdem
753 3272 971 3382 obrineamus
987 3271 1276 3440 ⁶⁰⁰d⁰¹¹³ti⁰ci¹ssm
1291 3319 1302 3354 ,
1318 3295 1488 3441 snop)tam
1502 3298 1554 3441 pix
1572 3299 1621 3387 eo
1635 3275 1705 3352 esse
1726 3269 1875 3388 qnod-ide

666 3393 685 3437 u
837 3394 846 3437 ι
887 3392 908 3438 ιι
1136 3393 1183 3439 uo

427 3533 430 3540 ,
550 3393 892 3559 picridiis,
905 3391 1500 3563 1⁸2},sisaimmiiii‘possiif
1539 3395 1674 3464 ’Μ’
1702 3402 1744 3450 ‘¹‘
1763 3395 1877 3474 ‘lm'

370 3591 437 3656 111,
460 3587 513 3647 p..
641 3563 733 3633 ΧΗ.
751 3562 889 3648 Quibus
900 3584 988 3634 nunc
998 3561 1090 3632 addo
1101 3559 1337 3634 conciliatricis
1349 3561 1471 3636 chartae
1483 3587 1527 3635 ex
1538 3562 1674 3663 Anglia
1686 3566 1775 3642 milii
1786 3559 1876 3646 misti

370 3685 485 3744 unqu
550 3653 676 3726 eximia
696 3657 820 3729 verba:
848 3657 1079 3737 Declamas,
1101 3661 1203 3753 qnod,
1228 3661 1375 3753 quamot't
1402 3665 1648 3754 Regtneratio,
1676 3661 1878 3757 convniam

370 3742 518 3902 ffatim
551 3757 687 3833 Deum,
711 3757 808 3826 Fides
828 3756 862 3825 in
876 3757 1047 3828 Dominam
1063 3747 1198 3835 nostrum
1209 3752 1324 3847 Jtsum
1336 3754 1513 3839 Christum,
1538 3760 1583 3831 m
1595 3757 1714 3847 santia
1731 3758 1877 3850 amns*

363 3896 536 3972 pnpsm
546 3850 615 3929 1ῐο»
639 3846 775 3945 txpteffir
796 3854 864 3926 Dn·
882 3846 982 3923 verbo
1003 3852 1209 3945 requirantur
1227 3867 1264 3923 nt
1280 3848 1439 3943 manifeste
1456 3852 1644 3942 adsalutem
1659 3863 1877 3952 petemu-

544 3941 695 4034 resiariu
721 3966 861 4019 attamen
881 3948 963 4019 nihil
979 3946 1109 4029 hortm,
1133 3968 1191 4021 aiat
1213 3948 1308 4021 ultam
1327 3967 1401 4038 opat
1416 3947 1458 4022 ab
1468 3949 1749 4040 hominefafittm,
1774 3976 1827 4031 aaa
1834 3974 1878 4053 pn

544 4045 701 4135 Spiritum
720 4047 788 4116 Dei
798 4046 831 4114 in
848 4042 1102 4137 opinantium,
1119 4041 1164 4134 fit
1172 4042 1232 4132 stab
1250 4044 1667 4135 notionesnbordinationt'r,
1692 4077 1754 4128 ant
1764 4051 1878 4144 [abdit

397 4165 399 4171 ·
543 4159 727 4236 quacunque
742 4142 1009 4221 denominatione,
1028 4160 1107 4237 pars
1121 4139 1250 4233 jarina
1268 4143 1351 4214 illino
1370 4139 1409 4212 ob
1426 4167 1549 4242 quarti,
1574 4163 1634 4218 atat
1659 4152 1754 4243 cajus
1771 4154 1879 4228 intaitt,

542 4241 639 4312 Dent
654 4238 824 4319 condonat,
840 4233 1013 4328 justificat,
1031 4239 1076 4310 ci*
1097 4241 1279 4331 ingratiam
1295 4240 1407 4333 recipit
1425 4258 1627 4336 peccatores,
1652 4267 1717 4320 am
1729 4246 1876 4339 judai

539 4349 607 4406 tam
622 4333 662 4401 iit
677 4332 857 4425 adjudicam
883 4356 976 4430 qaam
987 4332 1094 4426 hocsit
1112 4332 1317 4427 [injustitia
1336 4337 1423 4428 θείη
1443 4335 1559 4421 tironii
1577 4357 1677 4414 extra
1698 4343 1805 4440 ipsos,
1821 4339 1877 4441 inii

538 4430 713 4523 inparata,
739 4430 782 4503 d*
794 4424 835 4499 ab
854 4430 928 4525 ipsis
940 4449 1000 4526 per
1012 4430 1115 4519 solam
1125 4427 1391 4535 fidemoccopta·
1418 4434 1474 4516 Sit
1484 4431 1669 4539 theologi
1678 4440 1809 4542 Angli,
1825 4438 1872 4532 qui

537 4524 684 4603 M&
701 4523 871 4609 61111111ῧ11
886 4525 979 4610 miso
996 4521 1233 4632 substfipsmp
1396 4533 1399 4540 ¹
1684 4539 1789 4617 xmo
1800 4538 1870 4612 ΗΚ
