4667 5442
607 469 711 594 456
832 406 1770 563 Exrtcrrrrroatvts

468 659 573 738 plaste
613 633 734 706 modo.
755 635 865 706 ‘'³Erat
883 630 975 728 apud
999 625 1161 727 Ephesios
1185 626 1283 701 festus
1305 628 1448 724 quidam
1480 626 1554 700 dies
1578 672 1590 710 ,
1616 615 1976 709 uramror'ilistusi

474 758 575 812 marry·
613 735 652 801 In
677 754 720 799 eo
737 728 854 800 clavos
878 729 1040 799 tollentes
1063 773 1074 807 ,
1103 729 1139 796 &
1159 724 1334 796 simulacra
1357 724 1515 795 manibus
1536 721 1730 820 gestantes,
1754 726 1798 796 bl
1831 720 1971 797 inusita-

360 849 368 870 ··
474 816 555 876 1111111·
612 846 664 897 tas
684 823 846 918 quasdam
867 821 926 895 sibi
946 824 1162 917 imponentes
1180 817 1369 917 personas,
1396 816 1598 917 insigniores
1614 818 1764 894 civitatis
1824 824 1970 896 rtescir·

501 921 507 934 '
614 922 801 993 cumibant.
853 926 970 1015 Atque
992 920 1078 989 inter
1093 920 1283 1011 ineptarum
1297 916 1616 998 cantiuncularumr
1643 938 1752 1027 atque
1826 942 1969 994 anatum

612 1017 899 1089 vociferationum
921 1012 1112 1109 strepitus,
1151 1014 1337 1085 furentium
1363 1038 1460 1083 more
1482 1013 1516 1083 in
1538 1013 1661 1095 obvios
1681 1014 1896 1101 irruebant,
1920 1019 1971 1091 in·

496 1185 500 1194 ,
613 1116 706 1209 genti
726 1112 957 1210 quandoque,
986 1131 1057 1181 tam
1076 1111 1229 1181 virorum
1253 1131 1358 1203 quarn
1377 1107 1618 1190 foeminarum,
1646 1109 1741 1181 edita
1756 1106 1888 1208 stregai
1925 1118 1971 1188 Ea

614 1210 707 1281 enim
724 1211 856 1282 ratione
878 1209 1044 1304 putabant
1062 1200 1279 1289 exsecrandi,
1304 1202 1362 1276 sua
1379 1204 1445 1276 ase
1458 1204 1598 1275 numina
1619 1206 1755 1302 optime
1782 1211 1872 1283 coli.
1915 1210 1971 1284 Isti

614 1295 648 1375 se
669 1304 775 1376 rabiei
798 1304 936 1376 cordate
962 1296 1124 1397 opposuit
1137 1301 1275 1373 divinus
1295 1299 1504 1372 Timotheus
1528 1346 1540 1382 ,
1567 1302 1609 1372 iis
1628 1296 1709 1372 usus
1730 1308 1968 1402 argumenti&

615 1425 694 1497 quae
717 1398 965 1474 confundendae
978 1397 1137 1479 insaniae,
1166 1398 1269 1469 etiam
1291 1396 1384 1495 apud
1401 1396 1709 1495 pervicacilsrmos,
1740 1397 1967 1478 eratidonea.

616 1503 791 1569 Caeterum
810 1520 848 1565 ea
862 1493 909 1566 est
927 1490 1169 1591 superstitionis
1186 1493 1342 1573 indoles,
1369 1515 1493 1564 utnon
1510 1491 1728 1566 dimoveatur
1737 1495 1787 1566 ab
1797 1496 1967 1583 instituto,

620 1592 843 1688 quantumvis
864 1588 988 1670 stulto,
1016 1591 1051 1661 &
1073 1584 1213 1661 adverso
1231 1589 1353 1661 lumini
1368 1590 1508 1661 rationis
1529 1635 1539 1670 ,
1568 1615 1636 1685 qua
1651 1590 1827 1665 homines
1840 1589 1965 1670 sumus.

615 1688 717 1764 Nihil
737 1687 1032 1758 admonitionibus
1050 1682 1117 1757 suis
1136 1686 1283 1781 profecit
1296 1684 1517 1756 Timotheus.
1572 1686 1704 1759 Idcirco
1727 1689 1814 1762 zelo
1830 1694 1901 1762 Dei
1912 1719 1968 1766 cx·

617 1782 816 1856 candescens
838 1829 849 1864 ,
876 1777 949 1878 ipso
966 1779 1047 1854 festo
1065 1780 1356 1854 tumultuantibus
1374 1806 1433 1877 per
1462 1783 1612 1877 compita
1631 1783 1792 1857 animose
1812 1791 1968 1884 procedit

618 1880 780 1964 obviam3
806 1874 917 1951 rursus
930 1879 1139 1959 admonens,
1159 1878 1358 1973 increpant,
1377 1877 1524 1958 docens,
1549 1877 1634 1950 nihil
1655 1903 1879 1980 nonageno,
1900 1909 1966 1982 quo

618 1976 710 2050 istius
729 1976 868 2048 tandem
887 2000 948 2047 eos
968 1970 1102 2048 insaniae
1121 1973 1288 2069 puderet,
1316 1976 1529 2071 pigeretque.
1581 1975 1681 2047 Adeo
1698 2001 1791 2050 vero
1802 1978 1967 2072 haneejur

618 2072 756 2145 dicendi
774 2070 967 2145 libertatem
987 2093 1077 2169 aegoe
1097 2070 1271 2152 tulerunt,
1298 2092 1338 2142 ut
1352 2068 1459 2142 veluti
1478 2071 1692 2167 intemperiis
1712 2076 1845 2173 agitati
1861 2080 1966 2176 impe·

619 2192 695 2241 turn
712 2172 747 2241 in
766 2192 846 2238 eum
868 2169 1032 2250 fecerint,
1058 2170 1097 2240 &
1116 2165 1292 2262 quidquid
1310 2161 1511 2263 suggesserat
1527 2167 1576 2238 ira
1598 2194 1662 2263 pro
1683 2174 1796 2245 armis
1820 2199 1965 2262 utentes,

621 2288 748 2361 quanta
768 2266 918 2336 maxima
938 2263 1005 2335 dici
1029 2260 1139 2360 potest
1161 2262 1406 2335 inhumanitate
1429 2285 1533 2359 atque
1551 2264 1777 2350 crudelitate,
1803 2270 1965 2356 ferierint,

621 2363 796 2435 straverint
815 2407 826 2441 ,
854 2363 1019 2434 traxerint
1037 2406 1058 2440 ,⁴
1076 2357 1208 2455 &plus
1225 2382 1331 2453 quam
1348 2355 1552 2432 seminecem
1577 2358 1673 2432 humi
1697 2366 1878 2452 jacentem
1897 2414 1908 2450 ,
1933 2373 1965 2444 δι

620 2484 699 2532 cum
718 2479 872 2528 extremo
887 2458 1070 2528 leuantem
1085 2452 1205 2550 spiritu
1228 2453 1442 2549 reliquerint.
1497 2457 1602 2553 Unde
1619 2455 1811 2535 Christiani
1825 2465 1964 2562 quidam

619 2551 792 2625 sublatum
811 2576 906 2625 extra
919 2553 1064 2625 civitatis
1083 2574 1220 2647 portam
1239 2547 1480 2648 deposuerunt.
1531 2554 1604 2629 Ubi
1616 2552 1807 2653 postquam
1828 2563 1894 2635 reli
1920 2565 1929 2579 '

621 2644 695 2720 sum
713 2655 791 2720 Deo
805 2644 1068 2722 commendasset
1078 2648 1257 2745 spiritum,
1284 2645 1447 2744 pretiosas
1460 2647 1608 2722 defuncti
1620 2655 1763 2726 exuvias
1778 2703 1791 2738 ,
1824 2585 1965 2757 pieiin·

621 2748 741 2838 dieque
762 2769 804 2813 eo
824 2745 1051 2817 condiderunt
1067 2748 1147 2819 loco
1158 2745 1220 2839 qui
1237 2745 1328 2840 apud
1340 2741 1432 2842 ipsos
1447 2754 1574 2828 Plou,
1602 2747 1637 2819 id
1657 2749 1704 2822 est
1720 2754 1894 2853 Pinguis,
1915 2757 1965 2830 di.

620 2842 770 2912 cebatur.
820 2845 949 2937 Longo
972 2865 1085 2913 autem
1112 2842 1188 2936 post
1209 2860 1395 2935 tempore,
1424 2842 1613 2917 Constantii
1634 2846 1669 2916 in
1699 2874 1785 2921 eum
1821 2878 1962 2940 amores,

620 2938 718 3024 ejus,
740 2937 904 3033 inquam,
926 2936 1138 3018 Constantii,
1164 2938 1225 3034 qui
1244 2932 1335 3008 filius
1354 2937 1569 3012 Constantini
1589 2946 1709 3041 Magni
1737 2946 1809 3019 fuit
1833 2997 1844 3031 ,
1873 2952 1962 3024 illiuc

619 3055 842 3129 exportarunt
855 3033 1039 3129 reliquias:
1067 3033 1218 3107 ministro
1237 3028 1283 3103 usr
1301 3036 1482 3117 Artemio,
1510 3038 1572 3133 qui
1582 3062 1690 3134 quum
1706 3066 1790 3138 egre
1819 3049 1961 3121 iaeillr‘ur

619 3128 801 3202 Timothei
819 3131 854 3201 in
872 3127 1019 3200 dicendo
1029 3128 1197 3204 libertatis
1215 3125 1508 3214 fuissetimitator,
1539 3137 1570 3205 ei
1584 3160 1727 3233 quoque
1739 3068 1864 3235 pohea
1875 3169 1961 3218 mos.

617 3230 662 3300 tis
678 3223 898 3299 similitudine
913 3224 1101 3328 conformis
1122 3226 1209 3306 fuit,
1239 3229 1389 3325 martyrii
1411 3254 1536 3301 corona
1556 3255 1693 3328 propter
1711 3236 1896 3313 Christum
1906 3241 1961 3312 dc.

618 3348 764 3397 curatus.
815 3329 931 3420 Atque
944 3324 992 3393 ita
1009 3320 1175 3422 repositus
1196 3322 1281 3404 fuit,
1307 3350 1343 3395 nr
1362 3326 1448 3395 AEde
1462 3351 1542 3421 quae
1562 3328 1815 3424 Apostolorum
1828 3338 1958 3421 dicitur,

616 3422 709 3516 apud
730 3418 1084 3513 Constantinopolim,
1112 3418 1173 3491 sub
1192 3417 1262 3515 ipsa
1271 3418 1385 3493 mensa
1404 3425 1544 3521 mystica
1562 3470 1573 3506 ,
1600 3422 1846 3524 suppeditator
1865 3438 1961 3506 mira·

617 3518 774 3588 culorum
794 3563 804 3595 ,
834 3512 1041 3610 dispensator
1054 3517 1263 3614 gratiarum,
1290 3514 1463 3593 thesaurus
1477 3523 1539 3619 qui
1560 3547 1629 3596 non
1645 3521 1761 3621 potest
1779 3532 1957 3614 exinaniri,

617 3614 844 3706 divinaequae
862 3635 931 3682 non
956 3608 1228 3695 consumuntur,
1255 3618 1359 3689 Lucae
1379 3618 1416 3688 &
1433 3620 1580 3692 Andreae
1590 3622 1739 3710 juniius.
1797 3631 1881 3699 Deo
1897 3627 1961 3702 sor·

544 3784 548 3792 ,
616 3706 705 3778 taliis
721 3705 913 3779 admirabili
928 3702 984 3779 sua
993 3707 1210 3804 providentia
1226 3711 1274 3781 ita
1282 3714 1516 3811 gubernante,
1545 3740 1584 3789 uc
1596 3713 1678 3789 srcut
1691 3720 1741 3792 eis
1755 3727 1882 3799 omnia
1893 3724 1961 3799 lire·

616 3827 653 3874 re
674 3806 896 3885 communia,
924 3829 1057 3886 mores,
1083 3800 1284 3904 disciplina,
1308 3811 1532 3918 praedicatioj,
1557 3817 1961 3921 communequoquees·

618 3895 668 3970 ser
695 3896 898 3996 sepulcrum.
950 3895 1103 3986 incidisse
1135 3925 1250 3975 autem
1275 3906 1456 3979 Timothei
1485 3912 1682 4009 martyrium
1704 3913 1740 3984 in
1764 3940 1960 3995 extremum

621 4000 820 4084 Domitiani,
842 4019 972 4095 pugnat
989 3997 1243 4094 Metaphralles,·
1274 4026 1482 4101 repugnante
1498 4012 1654 4089 Baronio,
1680 4012 1743 4105 qui
1764 4013 1814 4085 ad
1830 4017 1961 4112 Trajan

619 4095 802 4185 imperium
821 4093 951 4175 refert,
980 4096 1015 4166 &
1029 4101 1168 4168 Annum
1189 4121 1255 4170 cvt
1267 4121 1280 4173 1
1292 4120 1324 4172 ιι
1355 4171 1359 4178 ,
1375 4101 1443 4172 Sed
1462 4104 1617 4195 profesto
1635 4101 1748 4180 obesae
1767 4110 1961 4187 admodum

618 4189 706 4258 naris
727 4182 789 4258 else
805 4212 963 4285 oportet,
995 4195 1057 4286 qui
1080 4191 1229 4265 fabulam
1253 4191 1308 4267 hic
1336 4220 1406 4268 non
1435 4197 1603 4283 olfaciat,
1632 4227 1676 4275 ex
1694 4212 1957 4293 recentioribus,

621 4286 659 4356 δι
676 4282 713 4355 su
738 4280 896 4384 posttitiis
915 4282 1017 4362 deseri
1045 4311 1115 4362 tam
1134 4291 1236 4372 aslis,
1264 4316 1342 4389 quae
1356 4295 1551 4371 Graecanica
1570 4293 1703 4372 solertia
1725 4301 1960 4382 &fabulandi

546 4393 551 4406 '
617 4379 764 4466 lubido,
789 4406 854 4480 pro
854 4408 969 4478 ⁴priore
988 4316 1131 4463 librum
1140 4382 1357 4474 seculorum,
1386 4391 1494 4470 cudit.

616 4553 619 4560 .
725 4549 727 4556 .
1431 4591 1443 4632 k·
1781 4501 1960 4581 xxxssl,
