4667 5442
596 489 673 586 Dr
702 513 881 586 usura
917 489 1071 584 Psuu
1101 514 1270 582 cruca
1295 492 1611 606 Jusrrsrcn'r.
1685 499 1782 622 585

402 689 406 696 ·
434 647 680 730 Mol'aiearum.
734 657 896 730 Fateatur
911 656 1058 752 pariter,
1083 655 1119 728 in
1132 653 1288 752 Legibus
1302 653 1464 730 Mosaicis
1487 660 1594 732 trium
1638 683 1782 732 enerum

436 774 607 854 praecepta
624 751 770 825 inveniri
794 776 806 836 3
832 773 984 847 quorum
1010 751 1077 826 alia
1097 753 1279 832 Moralia,
1307 751 1373 825 alia
1393 748 1571 838 Forenfia,
1598 681 1666 828 alia
1685 755 1785 828 deni·

435 875 508 950 que
522 848 771 924 cerimonialia
789 848 857 921 dici
876 840 1134 935 consueverunt.
1185 851 1230 922 Et
1243 843 1399 922 Forenfia
1408 848 1553 946 quidem
1565 873 1671 951 atque
1681 850 1784 926 Ceri·

436 945 603 1020 monialis
615 937 859 1045 aliquantisper
872 968 962 1019 nune
974 934 1190 1044 sepona'mus.
1218 944 1410 1020 Moralium
1424 969 1672 1044 praeceptorum
1685 971 1787 1044 quae·

440 1068 520 1216 {¹:33
537 1035 1543 1214 llilplzllltillllllllllnlffln”illlis
1557 1039 1785 1214 lilim
1834 1091 1841 1100 ’

440 1237 570 1311 virium
589 1235 808 1313 contentione
826 1255 941 1315 amer,
968 1257 1073 1334 atque
1093 1184 1185 1307 solat
1205 1261 1216 1308 t
1241 1236 1441 1333 proximum
1460 1232 1541 1310 stcut
1556 1164 1785 1335 semetipsum

440 1333 588 1434 diligat,
617 1331 767 1426 denique
787 1325 915 1402 sanlius
936 1325 975 1402 stt
994 1327 1078 1405 stent
1093 1329 1227 1431 Jehovr
1247 1337 1343 1404 Deus
1356 1327 1485 1404 sanstus
1505 1330 1564 1407 est.
1617 1337 1704 1408 Haec
1723 1333 1787 1429 qui

441 1429 545 1510 lacit,
574 1428 655 1502 lacit
671 1450 775 1525 opera
791 1427 897 1524 Legis
913 1427 1097 1510 Mosaicae,
1124 1421 1310 1501 secundum
1328 1427 1424 1501 illam
1442 1451 1531 1502 certe
1553 1451 1685 1526 partem
1705 1451 1788 1528 qua

438 1525 582 1604 moralis
593 1525 639 1598 ell
660 1552 669 1596 ι
721 1547 799 1594 uam
821 1524 942 1619 utique
959 1524 1059 1598 nullo
1074 1523 1183 1599 modo
1202 1519 1457 1621 praetermilsanr
1468 1525 1634 1601 volebant
1647 1527 1698 1609 ii,
1719 1525 1786 1624 qui

442 1649 488 1696 ex
504 1623 580 1722 lege
595 1549 795 1719 quaerllrant
812 1617 987 1706 jullitiam.
1037 1627 1155 1696 Nemo
1179 1621 1274 1692 enim
1287 1619 1490 1720 Judaeorum
1516 1647 1575 1696 aut
1597 1622 1788 1723 Juda'izan·

440 1720 531 1793 tium
550 1715 822 1792 Christianorum
841 1715 886 1786 ad
906 1741 986 1790 eum
1004 1717 1151 1790 modum
1168 1709 1323 1798 insaniit,
1350 1739 1391 1790 ut
1408 1715 1559 1794 crederet
1578 1715 1790 1810 justificatio·

442 1839 526 1982 netga
542 1816 672 1928 acquiri
684 1809 783 1984 Ipolle
796 1808 941 1982 lxbspht
959 1811 1197 1983 obsessatitlrne
1212 1812 1333 1984 g'egum
1349 1810 1545 1998 Forergsgum
1568 1841 1606 1893 ac
1624 1819 1789 1988 {grismo-

443 1935 588 1984 nratum
648 1935 720 1982 rnu
748 1934 783 1982 er
820 1932 911 1982 arta
945 1937 1008 1984 ce
1075 1935 1133 1983 ora
1149 1937 1176 1983 1.
1241 1935 1276 1982 er
1301 1933 1413 1986 amus.
1486 1936 1619 1986 uanam
1709 1936 1790 1984 um·

441 2032 500 2082 mr
519 1935 761 2081 mandatorullt
787 2003 913 2078 Chrilli
931 1934 1187 2105 ingEvangelio
1212 2007 1230 2079 ἓ
1294 2025 1310 2078 t
1328 2007 1408 2105 quis
1436 2032 1479 2078 ue
1497 2005 1584 2084 serio
1597 2003 1787 2106 resrpisert,

440 2107 560 2180 Deum
572 2099 672 2202 super
690 2103 807 2177 omnia
818 2101 962 2200 diligat,
987 2105 1153 2200 proximo
1172 2101 1271 2176 faciat
1290 2102 1389 2202 quod
1405 2033 1466 2176 libi
1486 2099 1557 2179 fieri
1574 2127 1694 2204 optet,
1714 2101 1790 2178 fin·
1946 2191 1951 2202 Ι

443 2207 516 2276 dus
539 2197 577 2274 lit
594 2201 637 2274 ad
652 2197 827 2294 exemplar
847 2199 920 2289 ejus
938 2203 1000 2368 ¹gui
1015 2201 1151 2274 vocavit
1169 2195 1311 2296 ipsum,
1336 2199 1489 2300 denique
1506 2198 1673 2300 perfectus
1690 2195 1731 2274 lit
1747 2195 1792 2274 fi·

444 2323 502 2371 tur
516 2306 613 2372 Pater
626 2293 855 2370 suuscoelellis
874 2321 935 2393 per
949 2301 1041 2370 selus
1061 2295 1120 2370 ell.
1172 2301 1352 2386 Quantum
1361 2294 1637 2373 haecaMosaieis
1646 2293 1792 2372 distanti

443 2394 547 2472 Adeo
559 2393 666 2476 nihil,
695 2416 734 2466 ut
748 2385 917 2466 summam
927 2392 1063 2469 Ethicts
1076 2390 1291 2490 Evangelicee
1303 2392 1427 2466 iisdem
1442 2395 1572 2494 quibus
1582 2390 1701 2468 Moses
1713 2419 1793 2472 ver·

443 2491 499 2566 bis
522 2490 728 2588 complexus
746 2483 784 2560 stt
800 2489 988 2564 Dominus.
1038 2491 1199 2562 Doceria
1216 2489 1309 2561 Viris
1319 2491 1450 2588 oppido
1460 2491 1658 2569 doctissimis
1666 2491 1790 2570 velim.
1851 2560 1854 2566 .

449 2613 484 2666 1.
499 2593 617 2686 Ecqua
632 2588 668 2661 in
687 2611 723 2660 re
744 2584 900 2658 mandata
923 2585 1049 2659 Chrilli
1067 2584 1229 2658 mandata
1249 2585 1356 2682 Legis
1374 2587 1523 2662 Moralis
1543 2591 1583 2661 M
1623 2589 1706 2663 aicoe
1728 2611 1793 2664 ex·

442 2683 616 2784 superent.
667 2681 766 2758 Nihil
787 2682 879 2754 enim
899 2681 986 2756 mihi
1006 2677 1187 2756 sublimius
1205 2703 1240 2754 at
1267 2705 1311 2754 ue
1326 2683 1489 2757 Divinius
1509 2685 1607 2776 juber
1657 2677 1794 2760 ollevi·

440 2785 567 2865 detur,
594 2802 750 2884 quamut
761 2783 878 2854 Deum
895 2779 1081 2880 diligamus
1098 2707 1340 2854 totocorde&
1356 2781 1495 2866 animo,
1522 2783 1560 2858 &
1571 2777 1673 2857 sandi
1685 2777 1791 2874 fimus

443 2881 489 2954 ad
506 2880 601 2956 illius
619 2875 807 2976 exemplar.
862 2899 917 2952 ιι.
936 2883 1011 2952 Cur
1030 2875 1150 2950 eadem
1171 2875 1391 2961 obedientia,
1417 2873 1485 2952 five
1510 2877 1699 2956 eorundem
1711 2878 1793 2954 offi-

442 2981 575 3054 ciorum
596 2975 795 3076 praestatio,
823 2975 858 3048 in
878 2974 999 3050 ordine
1019 2975 1064 3049 ad
1083 2975 1244 3050 mandata
1253 2975 1360 3072 Legis
1373 2971 1536 3052 Mosaieae
1545 2979 1677 3052 dicatur
1687 2997 1792 3072 opus,

440 3081 477 3152 in
494 3075 614 3148 ordine
632 3074 677 3147 ad
693 3069 852 3146 mandata
864 3072 1043 3172 Evangelii
1055 3071 1187 3145 dicatur
1199 3067 1296 3144 fides.
1350 3079 1517 3148 r1r.Cur
1533 3067 1692 3146 lsrailitae
1703 3071 1794 3144 olim

442 3196 514 3248 non
528 3173 703 3268 potuerint
720 3163 888 3259 justificari
911 3194 972 3263 per
991 3169 1110 3240 eadem
1131 3167 1243 3240 nllitia
1262 3165 1408 3260 praestita
1424 3170 1512 3266 Legi
1526 3163 1713 3247 Mosaicae,
1735 3187 1797 3262 per

442 3294 524 3366 quae
537 3268 649 3338 officia
658 3259 876 3355 justificantur
888 3263 1083 3346 Christiani,
1099 3257 1121 3334 sr
1134 3261 1333 3362 praestentur
1343 3257 1531 3338 seeundum
1538 3269 1674 3362 Legem
1683 3265 1800 3336 Evan-

471 3365 606 3437 elicam.
1835 3398 1838 3404 ·

443 3388 470 3466 Β
542 3462 664 3534 xxu.
689 3459 761 3530 Aut
780 3451 803 3532 fi
822 3455 972 3533 voluerit
988 3455 1114 3536 Paulus
1137 3503 1149 3542 ,
1176 3454 1341 3534 israelitas
1359 3457 1447 3532 olim
1467 3482 1613 3559 quoque
1635 3453 1794 3547 iustifica-
1840 3471 1934 3538 ms

441 3579 500 3634 tos
520 3547 614 3631 luille
626 3553 747 3632 fineera
759 3559 866 3654 Legis
876 3559 1024 3632 Moralis
1035 3551 1294 3641 observatione,
1321 3581 1381 3633 eur
1397 3581 1468 3630 non
1482 3581 1550 3630 una
1562 3553 1789 3642 distinffione,
1821 3547 1956 3610 mvl·

444 3681 554 3755 eaque
574 3654 766 3735 facillima,
792 3679 866 3726 rem
882 3651 1061 3741 absolvit3
1085 3653 1260 3726 monendo
1277 3653 1440 3748 justitiam
1459 3679 1530 3728 non
1549 3648 1613 3726 else
1632 3679 1678 3728 ex
1695 3657 1746 3727 Le
1772 3679 1792 3728 e
1820 3627 1922 3691 Μ’·

443 3751 671 3832 cerimoniali
687 3773 745 3822 aut
759 3745 919 3840 Forenfi3
945 3749 1002 3824 sed
1026 3749 1154 3824 Morali
1172 3771 1335 3836 tantum,
1363 3747 1548 3850 prasertim
1568 3745 1593 3824 sr
1615 3752 1663 3824 ira
1684 3676 1795 3826 cons·

446 3851 584 3925 deretur
604 3852 656 3922 uri
678 3845 833 3922 Christus
849 3873 925 3921 eam
946 3848 1134 3947 Evangelio
1147 3845 1360 3922 illustravit?
1385 3872 1447 3923 eur
1465 3871 1536 3922 non
1555 3845 1704 3932 addidit,
1717 3873 1796 3926 eam

448 3944 722 4022 observationem
744 3943 838 4018 illius
862 3948 968 4045 Legis
986 3972 1079 4019 novo
1096 3943 1290 4028 vocabulo,
1316 3947 1355 4018 &
1376 3947 1412 4018 in
1431 3969 1513 4018 eum
1531 3939 1664 4018 sensum
1682 3943 1798 4020 hasla·

448 4069 515 4119 nus
534 4044 691 4117 inaudito
719 4089 730 4124 ‚
765 4037 834 4114 ase
845 4037 942 4130 βακε
963 4040 1066 4118 dieii
1093 4049 1221 4116 Nonne
1248 4043 1362 4114 multo
1387 4041 1511 4116 clarius
1538 4038 1798 4140 diuinuiusque

449 4139 586 4214 dixillet
603 4134 780 4242 t‘Justtia
798 4163 868 4212 non
891 4137 938 4238 cll
954 4141 990 4212 in
1016 4139 1076 4213 isla
1101 4162 1195 4237 parre
1216 4141 1321 4238 Legis
1342 4163 1447 4236 quam
1468 4136 1626 4238 improbe
1645 4143 1796 4239 urgetis,

449 4235 567 4312 sedin
601 4235 704 4310 altera
723 4237 781 4311 illa
802 4263 880 4332 quae
912 4239 955 4309 de
981 4235 1141 4312 charitate
1171 4237 1208 4308 &
1235 4232 1407 4309 sanctitate
1436 4236 1481 4308 ad
1497 4235 1698 4334 exemplum
1728 4235 1799 4306 Dei

449 4335 523 4434 agit
540 4335 623 4510 ³2¹&
658 4359 765 4432 quam
800 4331 956 4412 Christus
990 4335 1027 4408 in
1063 4332 1254 4503 Evangfilio
1290 4331 1552 4422 lutulentiss'une
1574 4333 1675 4409 novis
1700 4355 1800 4406 eom·

576 4455 634 4507 ont·
659 4437 713 4508 11.
1215 4453 1236 4504 e
1260 4453 1312 4504 ee
1698 4449 1798 4500 men·
