4667 5442
2293 509 2500 612 700
2842 611 2863 628 .
2938 486 3361 576 ΘΚΑ-[ιο
3431 481 3783 573 INAuG.
3855 475 4122 577 Tm.-

2293 654 2455 727 dere
2482 699 2503 734 ‚
2560 644 2755 748 supra
2788 673 2895 722 res
2923 673 3163 722 omnes
3203 668 3359 745 apta
3390 669 3544 719 nata
3584 643 3701 720 est.
3806 646 3942 718 Hic
3980 645 4122 718 virt

2295 745 2691 824 describitur
2716 793 2737 829 ‚
2792 747 2865 818 δι
2898 741 3385 842 consequenter
3427 745 3726 816 maxima
3761 763 4085 816 creaturae

2299 844 2590 919 felicitas
2614 889 2638 926 ,
2691 865 2849 939 quae
2892 867 3033 916 non
3072 837 3295 938 potest
3328 843 3399 912 in
3439 839 3571 911 alia
3615 863 3689 911 re
3727 861 3940 935 quam
3964 839 4037 910 in
4074 829 4122 908 s1

2300 944 2436 1013 Dei
2475 933 2842 1015 consistere.
2949 938 3086 1010 Hic
3112 937 3389 1033 praemia
3425 936 3662 1008 virtuti
3700 956 4122 1033 proponuntt

2300 1039 2375 1110 &
2410 1033 2846 1131 exspectanda
2871 1031 3319 1130 imposterum
3339 1078 3361 1114 ,
3418 1033 3673 1128 quibus
3706 1029 3882 1104 nihil
3914 1038 4122 1126 augus

2301 1132 2416 1206 vel
2446 1127 2781 1203 defiderio
2807 1131 3037 1226 expeti
3074 1125 3333 1226 potest:
3389 1123 3614 1200 serena
3653 1127 3980 1200 nimirum
4012 1147 4122 1197 cor

2299 1231 2375 1300 δι
2415 1228 2691 1302 libertas
2732 1225 2823 1298 ad
2860 1232 3089 1299 Deum
3132 1221 3551 1305 accedendi,
3606 1226 3683 1296 &
3718 1221 4053 1296 familiare
4088 1227 4122 1296 1

2299 1328 2375 1396 &
2411 1323 2857 1396 blandiffimae
2876 1322 3118 1393 Divini
3153 1326 3197 1393 S
3250 1321 3444 1392 iritus
3483 1315 3982 1392 consolationes
4013 1364 4037 1400 ‚
4090 1319 4122 1392 ὃ

2301 1423 2594 1504 curitas3
2645 1418 2865 1491 donec
2909 1416 2986 1488 id
3025 1439 3168 1511 quo
3264 1415 3596 1497 credidit,
3652 1414 3847 1514 quod
3868 1411 4122 1511 speravi

2298 1515 2787 1613 imaginatione
2828 1509 3060 1589 celsius
3082 1533 3379 1585 attamen
3413 1510 3941 1608 quodammodo
3967 1512 4122 1609 prael

2297 1607 2462 1685 fime
2504 1605 2975 1707 consequatur.
3078 1613 3167 1680 Et
3202 1606 3350 1682 haec
3392 1607 3681 1704 quidem
3718 1609 3953 1682 omnia
3996 1631 4122 1684 cun

2297 1708 2576 1806 gemina
2604 1701 2794 1788 sunt,
2850 1725 3037 1778 tanta
3069 1700 3548 1778 sententiarum
3590 1701 3915 1777 densitate
3940 1750 3963 1785 ,
4018 1727 4122 1780 tan

2298 1830 2374 1879 ac
2400 1803 2728 1899 pondere,
2755 1825 2895 1874 tam
2936 1799 3325 1874 vehementi
3348 1800 3725 1876 dicentium
3756 1794 4037 1884 affectu,
4087 1803 4122 1872 i]

2301 1923 2414 1973 tur
2439 1945 2463 1982 ,
2516 1922 2595 1971 ut
2631 1896 3070 1974 ferociffimos
3106 1897 3507 1970 mortalium
3550 1900 3775 1995 primo
3808 1898 4122 1970 attendet·

2303 2022 2374 2071 re
2403 2042 2423 2077 ‚
2470 1994 2627 2068 dein
2670 1991 2972 2093 sperare,
3023 1997 3097 2066 &
3144 1993 3255 2065 vel
3294 1995 3550 2066 invitos
3605 1993 4115 2092 propemodum

2300 2089 2644 2192 subigant.
2748 2091 3039 2166 Paulum
3073 2088 3289 2163 modo
3324 2089 3531 2162 vobis
3570 2086 4036 2187 repraesentate
4061 2137 4085 2174 ‚

2300 2196 2819 2266 Procuratorem
2850 2186 2937 2258 de
2978 2185 3270 2277 justitia,
3310 2206 3449 2258 tem
3506 2187 3758 2259 erantia
3815 2190 3892 2262 δε
3921 2209 4122 2260 aetern

2300 2287 2407 2359 uti
2450 2279 2940 2359 Christianismi
2981 2278 3265 2355 cauffam
3290 2306 3425 2382 apu
3512 2285 3727 2380 Agrip
3777 2308 3889 2356 am
3929 2306 4122 2381 reget.

2298 2403 2448 2458 tato
2488 2382 2621 2454 Dei
2652 2402 2907 2453 terrore
2934 2377 3341 2452 Corinthios
3367 2380 3453 2450 ad
3479 2374 3685 2451 fidem
3723 2307 4048 2456 sollicitat
4079 2426 4103 2463 ,

2298 2481 2485 2560 Dei,
2528 2473 2717 2574 quast
2752 2476 3131 2550 obtestante
3167 2472 3531 2574 peripsum
3558 2481 3718 2547 Deo
3755 2522 3779 2559 ,
3836 2474 3924 2550 ad
3960 2501 4122 2550 reco

2297 2577 2592 2647 invitat:
2645 2569 2777 2646 five
2822 2576 2923 2645 uti
2948 2577 3307 2645 Romanos
3327 2596 3448 2668 pet
3478 2567 3945 2645 miserationes
3980 2573 4115 2646 Dei

2299 2666 2419 2743 sua
2452 2674 2608 2741 Deo
2631 2666 2924 2742 sisterent
2940 2713 2965 2752 ,
3018 2667 3308 2742 hostiam
3334 2669 3589 2751 vivam,
3622 2665 3907 2742 sanctam
3936 2669 4010 2742 &
4032 2670 4122 2767 pla

2302 2760 2650 2862 lippenses
2681 2765 2771 2836 ad
2815 2758 3013 2839 sacrae
3037 2764 3422 2837 concordiae
3443 2764 3743 2840 studium
3776 2768 4065 2850 excitat,
4110 2796 4122 2835 ι

2300 2859 2474 2934 latio
2508 2861 2580 2933 in
2621 2858 2896 2934 Christo
2919 2855 3079 2959 Jesu
3122 2858 3213 2932 est
3239 2906 3260 2942 ,
3315 2856 3361 2933 sl
3402 2861 3596 2958 quod
3648 2857 3966 2936 solatium
4006 2863 4122 2938 cha

2299 2982 2375 3032 ac
2399 2952 2861 3029 miserationes
2882 3001 2905 3037 ,
2954 2950 3155 3028 suum
3191 2956 3261 3029 in
3285 2954 3410 3029 hac
3432 2983 3502 3031 re
3526 2958 3859 3055 gaudium
3893 2961 4122 3056 explea

2298 3053 2449 3127 lum
2473 3076 2602 3126 vos
2623 3073 3053 3149 perorantem
3088 3052 3321 3126 audire
3354 3053 3730 3128 existimate
3755 3102 3779 3139 ,
3835 3058 3908 3128 ὃς
3944 3079 4105 3131 tunc

2298 3173 2511 3248 quam
2550 3149 2715 3222 alibi
2751 3149 3058 3261 legeritis
3090 3196 3113 3231 ‚
3166 3148 3282 3222 vel
3312 3148 3521 3224 fando
3561 3176 3867 3249 unquam
3900 3177 4122 3250 accep<

2289 3248 2523 3320 monis
2550 3244 2888 3344 pollentia
2911 3246 3239 3318 virtutem
3275 3248 3621 3320 mentibus
3660 3246 3970 3322 insinuet.

2493 3343 2821 3440 Amplius
2844 3341 3093 3415 dicam.
3164 3347 3261 3415 Ea
3298 3340 3392 3416 est
3423 3346 3727 3418 veritatis
3752 3344 4122 3444 Evangelic

2298 3437 2713 3512 imbuendos
2741 3440 3034 3513 efficacia
3053 3484 3077 3521 ,
3132 3460 3211 3511 ut
3246 3443 3421 3513 recle
3450 3437 3765 3539 cognosci
3795 3441 3882 3513 ab
3911 3440 4122 3515 homin

2300 3561 2459 3608 eum
2485 3561 2524 3607 a
2551 3538 2807 3632 peccati
2849 3529 3171 3608 servitute
3208 3537 3281 3608 in
3318 3534 3704 3610 libertatem
3746 3532 3979 3612 asserat
4013 3587 4035 3623 ,
4093 3547 4122 3610 ¹]

2295 3633 2572 3704 Divinae
2615 3633 2988 3730 imaginem
3026 3633 3365 3727 puritatis.
3466 3632 3682 3721 Quod
3703 3633 3899 3708 Plato
3919 3637 4005 3708 de
4026 3642 4122 3732 Sa]

2291 3729 2543 3800 merito
2579 3729 2665 3798 de
2688 3731 2937 3801 virtute
2974 3726 3340 3814 dixerunt3
3390 3749 3646 3802 tantam
3674 3725 3797 3800 effe
3837 3730 4031 3805 illius
4052 3758 4122 3831 pt

2291 3823 2387 3894 do
2426 3823 2645 3898 oculis
2675 3821 2969 3924 conspici
2994 3817 3215 3922 posset
3238 3869 3263 3905 ‚
3314 3824 3788 3899 incredibilem
3818 3825 4122 3902 hominus

2284 3919 2641 4014 pelliceret
2678 3943 3013 3994 amorem.
3112 3915 3477 4019 Nusquam
3497 3943 3727 3996 autem
3750 3924 3964 3997 virtus
3991 3925 4122 4022 pul÷

2287 4015 2451 4096 det,
2495 4041 2706 4113 quam
2754 4019 2826 4089 in
2851 4015 3276 4114 Evangelio:
3330 4043 3491 4116 quae
3532 4021 3603 4092 in
3648 4019 3715 4092 le
3770 4044 3807 4090 e
3837 4025 4122 4119 quidem

2280 4108 2493 4207 press'a
2533 4112 2883 4187 coloribus
2911 4160 2932 4194 ‚
2990 4108 3106 4184 sed
3145 4115 3322 4210 picta
3370 4139 3632 4188 tantum
3682 4126 3743 4189 el
3807 4162 3829 4198 ,
3887 4114 4021 4189 fine
4068 4115 4122 4190 ia

2279 4210 2422 4281 vita
2455 4211 2527 4282 &
2566 4233 2761 4282 motu
2801 4239 2819 4283 :
2871 4208 2983 4281 hic
3012 4231 3242 4282 autem
3284 4212 3444 4284 viva
3483 4207 3873 4309 spiransque
3916 4216 4122 4287 cernit

2271 4307 2429 4399 pius
2454 4309 2702 4379 mentis
2722 4306 2943 4377 oculis
2962 4302 3301 4403 usurpata,
3344 4307 3923 4403 contemplantem
3944 4311 4017 4381 in
4043 4334 4122 4382 ea

2268 4403 2521 4479 formet
2548 4427 2635 4476 ex
2656 4401 2877 4501 gloria
2910 4402 2981 4474 in
3000 4401 3299 4501 gloriam
3316 4451 3341 4495 ,
3394 4401 3559 4486 ficut
3578 4430 3619 4480 a
3638 4405 4122 4510 Domini-Spin⁴
