4667 5442
566 492 631 598 68
827 484 1647 581 Exancr'rar1o'll

565 653 784 750 benignitatis
814 649 916 751 ipsius
947 674 1112 726 aeternum
1141 648 1346 737 serventur,
1380 652 1427 723 ita
1447 676 1518 723 non
1542 651 1654 749 potest
1675 674 1746 723 non
1776 668 1924 722 contra·

567 753 659 825 rium
681 745 743 821 esse
761 751 883 850 gloriae
897 752 985 830 Dei,
1013 770 1053 819 ut
1070 750 1155 820 tales
1176 771 1341 821 aeternum
1365 749 1601 822 damnentur:
1628 743 1807 828 absurda,
1840 751 1922 817 Deo
1966 766 1967 786 .

568 846 738 945 indigna,
766 851 803 920 &
821 845 1078 919 contradistoria
1101 842 1192 917 fissio
1215 843 1288 926 est,
1316 866 1355 916 ut
1380 843 1515 916 homini
1539 842 1662 916 sincere
1687 850 1811 915 Deum
1838 842 1923 914 dili-

567 946 663 1043 genti
679 966 890 1042 proponatur
907 944 1029 1040 optio,
1060 964 1177 1013 utrum
1196 940 1240 1012 ad
1263 939 1432 1014 honorem
1451 942 1519 1011 Dei
1542 938 1662 1015 servari
1683 966 1724 1011 an
1756 939 1922 1011 damnari

567 1039 680 1113 malit.
730 1047 824 1114 Nam
843 1038 916 1111 haec
939 1037 985 1110 est
999 1037 1110 1137 gloria
1131 1041 1228 1119 Dei,
1256 1059 1295 1109 ut
1320 1037 1405 1109 tales
1428 1033 1624 1124 serventur3
1651 1040 1831 1110 &contra
1853 1036 1924 1106 Dei

555 1134 718 1237 gloriam
741 1131 820 1208 esset
839 1132 990 1233 ipsorum
1010 1133 1200 1206 damnatio.
1251 1140 1313 1205 Vl.
1340 1138 1479 1205 Sanstus
1497 1131 1599 1205 nostri
1613 1159 1710 1205 amor
1734 1131 1923 1229 purissurio

559 1225 815 1331 'putilsrmoque
835 1233 903 1302 Dei
928 1231 1037 1301 amori
1057 1253 1127 1301 non
1146 1250 1342 1326 repugnat,
1370 1225 1429 1300 sed
1450 1230 1482 1300 ei
1507 1224 1759 1302 subordinatur.
1803 1233 1924 1321 *Qua-

572 1328 732 1401 mobrem
757 1354 827 1401 non
839 1329 919 1398 ideo
934 1327 1047 1397 minus
1064 1331 1180 1397 Deum
1198 1326 1376 1421 diligimus
1394 1324 1494 1422 quod
1515 1328 1551 1396 &
1570 1350 1635 1398 nos
1663 1320 1755 1422 ipsos
1773 1325 1848 1396 rite
1872 1348 1924 1397 at·

573 1450 643 1521 que
660 1425 779 1497 ordine
802 1424 1001 1522 diligamus.
1055 1421 1206 1507 Quando
1224 1424 1329 1520 igitur
1353 1426 1449 1491 Deus
1470 1416 1518 1509 sui
1540 1422 1858 1503 communionem,
1886 1443 1926 1493 ut

572 1522 748 1599 summum
764 1519 916 1593 nostrum
929 1517 1090 1599 bonum,
1118 1518 1220 1590 nobis
1235 1519 1404 1617 proponit
1429 1509 1611 1610 &offam
1639 1538 1801 1591 tenemur
1820 1519 1924 1591 illam

573 1620 718 1715 diligere
735 1611 969 1689 &desiderare
987 1639 1032 1685 ear
1043 1616 1217 1709 principio
1228 1615 1362 1686 ‘amoris
1372 1614 1439 1683 Dei
1450 1659 1461 1694 ,
1472 1618 1477 1628 '
1490 1615 1552 1710 qui
1568 1613 1659 1704 jussit
1676 1634 1715 1684 ut
1725 1639 1809 1687 eam
1824 1615 1928 1689 obla-

574 1738 647 1790 tam
663 1738 742 1786 cum
762 1709 895 1785 summa
909 1712 996 1808 grati
1009 1711 1114 1781 animi
1131 1711 1303 1782 alacritate
1322 1710 1527 1806 accipiamus
1549 1734 1560 1794 3
1586 1704 1644 1780 sed
1663 1713 1700 1781 ὃ(
1720 1735 1767 1783 ex
1789 1713 1928 1809 princi-

463 1846 465 1850 ·
574 1815 636 1909 pio
656 1811 782 1881 amoris
801 1805 929 1889 nostri,
963 1816 1013 1877 eo'
1023 1830 1087 1877 nos
1103 1806 1341 1903 impellentis,
1371 1828 1410 1875 ut
1436 1807 1473 1876 ὃ(
1499 1808 1649 1902 propriae
1669 1802 1772 1879 saluti
1798 1806 1929 1882 nostrae
1965 1832 1967 1926 l

575 1930 771 2002 operemur.
822 1908 866 1976 Et
885 1928 995 1999 quum
1022 1898 1226 1974 desiderium
1240 1898 1358 1974 salutis
1380 1897 1529 1973 sanstum
1541 1897 1581 1974 s1t
1601 1908 1679 1974 Deo
1707 1928 1751 1973 ue
1764 1909 1925 2003 gratum,

575 2002 639 2076 usu
653 2003 771 2075 venire*
783 2025 852 2072 non
869 1998 981 2097 potest
997 2020 1036 2070 ut
1053 2000 1085 2069 ei
1099 2000 1366 2072 renunciandum
1385 1992 1437 2070 stt.
1489 2003 1569 2071 Vll.
1588 1928 1930 2074 indisrentiacirca
1965 2002 1967 2005 ⁴

575 2123 738 2174 aeternam
758 2095 901 2171 salutem
915 2100 951 2168 &
967 2096 1224 2168 damnationem
1240 2091 1375 2193 prorsus
1392 2094 1610 2192 impossibilis
1621 2095 1691 2171 est:
1719 2099 1758 2169 &
1774 2094 1802 2170 sr
1821 2098 1929 2197 possi·

542 2224 546 2232 ·
576 2198 658 2270 bilis
669 2195 782 2277 soret,
811 2187 891 2266 esset
906 2189 1060 2273 vitiosa,
1087 2187 1300 2280 &injuriosa
1321 2198 1413 2265 Deo.
1464 2199 1559 2264 Nam
1578 2217 1689 2290 quum
1704 2218 1837 2268 natura
1863 2194 1928 2269 ho·

450 2337 453 2342 ·
470 2371 478 2384 κ
575 2296 680 2368 minis
696 2294 746 2364 ita
761 2311 980 2386 comparata,
1009 2291 1046 2360 &
1067 2287 1110 2361 ab
1129 2285 1204 2386 ipso
1221 2295 1301 2360 Deo
1319 2310 1432 2360 creata
1449 2284 1508 2370 stt,
1537 2311 1576 2361 ut
1589 2291 1632 2362 ab
1652 2315 1694 2362 eo
1710 2294 1819 2388 quod
1833 2287 1930 2367 sum-

575 2415 675 2466 mum
694 2384 756 2459 sibi
776 2388 908 2459 malum
925 2380 988 2456 elle
1008 2386 1108 2457 novit
1122 2381 1365 2458 insociabiliter
1384 2384 1564 2458 abhorreat
1583 2434 1594 2469 ,
1622 2390 1659 2460 &
1678 2387 1715 2459 id
1736 2390 1847 2485 quod
1868 2386 1928 2463 sub

559 2483 702 2561 'summi
717 2485 801 2556 boni
823 2479 932 2581 specie
962 2478 1022 2554 fibi
1037 2477 1234 2555 obversatur
1257 2480 1544 2555 indeclinabiliter
1567 2506 1730 2583 appetat,
1758 2480 1841 2559 lieri
1862 2513 1930 2561 non

514 2583 519 2592 ’
574 2581 687 2683 potest
701 2605 740 2653 ut
755 2580 916 2678 voluntas
935 2579 1022 2651 circa
1038 2601 1109 2651 tam
1130 2579 1296 2652 contraria
1315 2577 1446 2669 objesta
1467 2574 1697 2654 indifferenter
1720 2577 1757 2654 se
1779 2581 1927 2660 habeat.

537 2676 545 2690 ’
574 2687 624 2753 At
639 2675 728 2776 finge
746 2670 1026 2749 indifferenterse
1052 2673 1202 2748 habere:
1229 2698 1305 2748 tum
1336 2697 1426 2747 certe
1450 2672 1619 2749 summam
1652 2679 1824 2770 injuriam
1851 2682 1929 2755 facit

521 2820 526 2827 -
574 2781 676 2855 Deo,
704 2774 799 2862 cujus
820 2772 972 2844 savorem
991 2773 1328 2844 &communionem
1350 2771 1442 2844 haud
1463 2799 1565 2870 aequo
1580 2777 1691 2871 pretio
1711 2774 1929 2862 aestimande

575 2872 672 2960 cujus
690 2869 812 2940 odium
833 2872 870 2940 &
888 2870 973 2939 iram
995 2892 1063 2962 non
1082 2867 1303 2964 pertimescit.
1355 2870 1506 2952 Audio,
1542 2866 1649 2944 solam
1667 2875 1738 2946 Dei
1757 2876 1930 2950 volunta·

574 2989 647 3040 tem
664 2959 726 3036 else
740 2989 818 3061 quae
829 2963 975 3036 nostram
996 2962 1135 3036 inclinet
1147 2965 1192 3035 ad
1207 2966 1420 3039 alterutrum.
1472 2965 1833 3067 Athaecperpetua&
1848 2998 1931 3047 con·

572 3062 662 3138 stans
681 3063 749 3133 Dei
778 3061 938 3133 voluntas
959 3056 1034 3141 est,
1067 3063 1218 3159 primum
1245 3087 1373 3136 naturae
1399 3062 1557 3138 humanae
1584 3062 1710 3147 insita,
1741 3067 1879 3144 deinde
1894 3073 1930 3144 in

573 3158 764 3257 Evangelio
784 3157 969 3256 pausada,
998 3178 1037 3228 ut
1054 3155 1163 3253 homo
1182 3163 1313 3233 ratione
1341 3159 1396 3233 sua
1419 3185 1518 3235 utens
1547 3163 1638 3236 nolit
1665 3158 1729 3234 else
1753 3188 1928 3245 aeternum

574 3253 695 3340 miser,
723 3256 809 3354 velit
828 3248 890 3326 else
909 3261 1074 3329 ae'ternum
1093 3254 1224 3331 beatus.
1277 3263 1361 3329 Non
1375 3283 1477 3331 vexat
1491 3267 1587 3332 Deus
1611 3260 1756 3334 dileslos
1771 3258 1865 3349 sibi,
1893 3266 1931 3338 &

575 3354 762 3452 diligentes
780 3350 812 3426 se
830 3401 842 3437 ,
870 3348 1023 3426 absurdis
1040 3350 1230 3427 istiusmodi
1249 3354 1503 3455 quaestiunculis
1525 3385 1535 3430 r
1561 3354 1636 3439 fili,
1663 3354 1687 3429 st
1714 3358 1856 3435 vellem
1874 3385 1927 3443 te,

575 3450 665 3522 adeo
684 3475 774 3523 nunc
793 3476 849 3522 me
872 3474 1068 3531 amantem,
1098 3453 1133 3522 in
1151 3475 1316 3526 aetemum
1336 3480 1452 3525 amore
1474 3447 1553 3526 meo
1572 3455 1778 3538 excludere,
1810 3484 1860 3532 an
1878 3460 1931 3535 isti

578 3545 752 3640 voluntati
773 3570 858 3617 meae
877 3548 999 3616 tacitus
1020 3544 1277 3642 acquiesceres,
1306 3549 1436 3621 foretne
1456 3551 1521 3623 tibi
1544 3554 1579 3623 in
1602 3546 1821 3638 indifferentiv
1831 3581 1932 3632 amor

575 3641 635 3715 vel
649 3641 771 3714 odium
790 3638 934 3711 meum?
962 3647 1080 3737 Apage
1100 3639 1249 3717 vaesanas
1263 3638 1497 3720 absurditates.
1551 3655 1645 3722 Vlll.
1675 3654 1755 3722 Huc
1771 3651 1934 3769 denique

576 3765 631 3815 res
649 3737 763 3819 omnis
776 3737 887 3810 redit:
915 3743 1032 3809 Deum
1051 3761 1192 3838 propter
1212 3738 1245 3814 se
1262 3739 1372 3838 ipsum
1386 3745 1572 3818 amandum
1586 3741 1649 3817 else
1667 3740 1768 3843 super
1781 3739 1928 3826 omma'e

577 3833 713 3910 nosmet
736 3830 828 3932 ipsos
847 3834 949 3907 nobis
969 3859 1113 3933 quoque
1143 3831 1309 3912 amandos
1335 3834 1397 3910 esse
1427 3838 1488 3913 sub
1507 3850 1586 3916 Deo
1608 3844 1702 3916 &in
1732 3844 1865 3920 ordine
1888 3847 1932 3923 ad

531 4008 550 4020 ,
577 3937 695 4005 Deum
712 3960 721 4005 ε
737 3934 786 4004 ·&
810 3931 861 4002 uti
881 3927 1010 4032 sanstus
1035 3937 1074 4007 &
1106 3935 1192 4007 bene
1215 3937 1390 4009 ordinatus
1418 3964 1515 4014 amor
1537 3940 1641 4013 nostri
1664 3937 1752 4012 nihil
1777 3942 1932 4046 derogat

577 4029 753 4123 purissimo
772 4029 880 4099 amori
898 4031 966 4100 Dei
988 4056 1000 4114 3
1024 4034 1072 4102 ita
1091 4037 1189 4104 Deus
1202 4057 1379 4130 nunquam
1400 4061 1551 4109 amantes
1572 4034 1622 4109 sui
1636 4040 1723 4109 inter
1747 4033 1854 4115 suam
1867 4069 1933 4116 vo-

462 4214 466 4221 ·
575 4128 748 4200 luntatem
765 4127 800 4196 &
816 4124 963 4220 gloriam
981 4128 1023 4199 ab
1041 4154 1108 4200 una
1124 4152 1243 4226 parte,
1272 4128 1472 4228 &ipsorum
1486 4129 1628 4208 salutem
1649 4134 1691 4205 ab
1711 4133 1848 4222 altera,
1871 4166 1933 4213 vc·

574 4220 629 4296 lut
652 4223 817 4317 ancipites
853 4223 1035 4308 collocat,
1071 4246 1110 4297 ut
1142 4227 1343 4301 alterutrum
1377 4230 1387 4299 i
1415 4225 1454 4301 srs
1484 4231 1682 4328 eligendum
1711 4226 1753 4303 sit
1772 4261 1933 4349 ,nquam

575 4326 762 4415 utrumque
781 4313 1045 4415 inseparabiliter
1057 4324 1218 4413 junxerit.
1270 4330 1356 4397 Haec
1376 4254 1581 4424 ssmplicitati
1600 4326 1720 4402 nostrae
1733 4323 1928 4418 sufficiunt,

577 4418 615 4492 ὃ(
637 4416 674 4488 in
691 4413 818 4493 horum
834 4419 1048 4524 axionutum
1064 4423 1163 4522 praxi
1180 4418 1239 4496 sita
1256 4420 1302 4498 est
1322 4419 1466 4502 charitas
1488 4426 1706 4529 Evangelica.
1777 4526 1919 4604 EXER
