<?xml version="1.0" encoding="UTF-8"?>
<!DOCTYPE html PUBLIC "-//W3C//DTD XHTML 1.0 Transitional//EN"
    "http://www.w3.org/TR/xhtml1/DTD/xhtml1-transitional.dtd">
<html xmlns="http://www.w3.org/1999/xhtml" xml:lang="en" lang="en">
 <head>
  <title>
</title>
<meta http-equiv="Content-Type" content="text/html;charset=utf-8" />
  <meta name='ocr-system' content='tesseract 3.04.00' />
  <meta name='ocr-capabilities' content='ocr_page ocr_carea ocr_par ocr_line ocrx_word'/>
</head>
<body>
  <div class='ocr_page' id='page_1' title='image "./hermanniwitsiim01witsgoog/hermanniwitsiim01witsgoog_0717.png"; bbox 0 0 4667 5442; ppageno 0'>
   <div class='ocr_carea' id='block_1_1' title="bbox 1304 322 3728 522">
    <p class='ocr_par' dir='ltr' id='par_1_1' title="bbox 1304 322 3728 522">
     <span class='ocr_line' id='line_1_1' title="bbox 1304 322 3728 522; baseline 0 0"><span class='ocrx_word' id='word_1_1' title='bbox 1304 322 1305 522; x_wconf 95' lang='lat' dir='ltr'> </span> <span class='ocrx_word' id='word_1_2' title='bbox 3727 322 3728 522; x_wconf 95' lang='lat' dir='ltr'> </span> 
     </span>
    </p>
   </div>
   <div class='ocr_carea' id='block_1_2' title="bbox 962 701 3019 838">
    <p class='ocr_par' dir='ltr' id='par_1_2' title="bbox 962 701 3019 838">
     <span class='ocr_line' id='line_1_2' title="bbox 962 701 3019 838; baseline -0.004 -28"><span class='ocrx_word' id='word_1_3' title='bbox 962 709 1172 838; x_wconf 80' lang='lat'>696</span> <span class='ocrx_word' id='word_1_4' title='bbox 1558 709 2001 806; x_wconf 65' lang='lat' dir='ltr'>Onu-10</span> <span class='ocrx_word' id='word_1_5' title='bbox 2072 707 2425 804; x_wconf 75' lang='lat' dir='ltr'>INAuG.</span> <span class='ocrx_word' id='word_1_6' title='bbox 2498 701 3019 806; x_wconf 51' lang='lat' dir='ltr'>Tarsum.</span> 
     </span>
    </p>
   </div>
   <div class='ocr_carea' id='block_1_3' title="bbox 904 858 3650 4814">
    <p class='ocr_par' dir='ltr' id='par_1_3' title="bbox 904 858 3648 1452">
     <span class='ocr_line' id='line_1_3' title="bbox 962 858 3644 970; baseline -0.003 -18"><span class='ocrx_word' id='word_1_7' title='bbox 962 876 1170 952; x_wconf 85' lang='lat' dir='ltr'>docet</span> <span class='ocrx_word' id='word_1_8' title='bbox 1192 871 1280 947; x_wconf 87' lang='lat' dir='ltr'>cle</span> <span class='ocrx_word' id='word_1_9' title='bbox 1304 872 1627 946; x_wconf 89' lang='lat' dir='ltr'>omnibus</span> <span class='ocrx_word' id='word_1_10' title='bbox 1654 917 1679 955; x_wconf 84' lang='lat'>‚</span> <span class='ocrx_word' id='word_1_11' title='bbox 1732 870 1842 946; x_wconf 86' lang='lat' dir='ltr'>illi</span> <span class='ocrx_word' id='word_1_12' title='bbox 1864 870 2151 946; x_wconf 88' lang='lat' dir='ltr'>demum</span> <span class='ocrx_word' id='word_1_13' title='bbox 2172 869 2410 944; x_wconf 86' lang='lat' dir='ltr'>idonei</span> <span class='ocrx_word' id='word_1_14' title='bbox 2434 866 2810 970; x_wconf 80' lang='lat' dir='ltr'>disciplinae</span> <span class='ocrx_word' id='word_1_15' title='bbox 2837 866 3044 963; x_wconf 64' lang='lat' dir='ltr'>huius</span> <span class='ocrx_word' id='word_1_16' title='bbox 3079 862 3444 942; x_wconf 76' lang='lat' dir='ltr'>auditores</span> <span class='ocrx_word' id='word_1_17' title='bbox 3463 858 3644 944; x_wconf 71' lang='lat' dir='ltr'>suntt</span> 
     </span>
     <span class='ocr_line' id='line_1_4' title="bbox 964 963 3648 1078; baseline -0.004 -28"><span class='ocrx_word' id='word_1_18' title='bbox 964 974 1073 1050; x_wconf 85' lang='lat' dir='ltr'>illi</span> <span class='ocrx_word' id='word_1_19' title='bbox 1110 971 1239 1045; x_wconf 91' lang='lat' dir='ltr'>soli</span> <span class='ocrx_word' id='word_1_20' title='bbox 1264 966 1697 1068; x_wconf 83' lang='lat' dir='ltr'>affequuntur</span> <span class='ocrx_word' id='word_1_21' title='bbox 1714 964 2109 1067; x_wconf 81' lang='lat' dir='ltr'>sapientiam</span> <span class='ocrx_word' id='word_1_22' title='bbox 2136 969 2274 1040; x_wconf 88' lang='lat' dir='ltr'>Dei</span> <span class='ocrx_word' id='word_1_23' title='bbox 2292 968 2368 1041; x_wconf 89' lang='lat' dir='ltr'>in</span> <span class='ocrx_word' id='word_1_24' title='bbox 2394 966 2718 1068; x_wconf 86' lang='lat' dir='ltr'>mysterio</span> <span class='ocrx_word' id='word_1_25' title='bbox 2744 1014 2769 1052; x_wconf 89' lang='lat'>‚</span> <span class='ocrx_word' id='word_1_26' title='bbox 2827 966 3176 1040; x_wconf 81' lang='lat' dir='ltr'>occultam</span> <span class='ocrx_word' id='word_1_27' title='bbox 3196 963 3428 1049; x_wconf 87' lang='lat' dir='ltr'>illam,</span> <span class='ocrx_word' id='word_1_28' title='bbox 3449 987 3648 1078; x_wconf 81' lang='lat' dir='ltr'>quam</span> 
     </span>
     <span class='ocr_line' id='line_1_5' title="bbox 966 1061 3648 1170; baseline -0.003 -26"><span class='ocrx_word' id='word_1_29' title='bbox 966 1064 1371 1170; x_wconf 73' lang='lat' dir='ltr'>praefinierat</span> <span class='ocrx_word' id='word_1_30' title='bbox 1410 1070 1602 1140; x_wconf 89' lang='lat' dir='ltr'>Deus</span> <span class='ocrx_word' id='word_1_31' title='bbox 1626 1088 1780 1141; x_wconf 83' lang='lat' dir='ltr'>ante</span> <span class='ocrx_word' id='word_1_32' title='bbox 1803 1061 2028 1139; x_wconf 88' lang='lat' dir='ltr'>secula</span> <span class='ocrx_word' id='word_1_33' title='bbox 2048 1063 2139 1136; x_wconf 88' lang='lat' dir='ltr'>ad</span> <span class='ocrx_word' id='word_1_34' title='bbox 2174 1064 2473 1161; x_wconf 87' lang='lat' dir='ltr'>gloriam</span> <span class='ocrx_word' id='word_1_35' title='bbox 2496 1064 2787 1138; x_wconf 85' lang='lat' dir='ltr'>nostram</span> <span class='ocrx_word' id='word_1_36' title='bbox 2807 1109 2830 1148; x_wconf 89' lang='lat'>‚</span> <span class='ocrx_word' id='word_1_37' title='bbox 2885 1085 3099 1162; x_wconf 90' lang='lat' dir='ltr'>quam</span> <span class='ocrx_word' id='word_1_38' title='bbox 3147 1085 3364 1136; x_wconf 88' lang='lat' dir='ltr'>nemo</span> <span class='ocrx_word' id='word_1_39' title='bbox 3405 1064 3648 1160; x_wconf 75' lang='lat' dir='ltr'>princi·-</span> 
     </span>
     <span class='ocr_line' id='line_1_6' title="bbox 904 1153 3646 1266; baseline -0.002 -29"><span class='ocrx_word' id='word_1_40' title='bbox 904 1185 909 1189; x_wconf 86' lang='lat'>·</span> <span class='ocrx_word' id='word_1_41' title='bbox 970 1191 1145 1266; x_wconf 87' lang='lat' dir='ltr'>pum</span> <span class='ocrx_word' id='word_1_42' title='bbox 1187 1161 1394 1237; x_wconf 88' lang='lat' dir='ltr'>seculi</span> <span class='ocrx_word' id='word_1_43' title='bbox 1426 1159 1631 1253; x_wconf 82' lang='lat' dir='ltr'>hujus</span> <span class='ocrx_word' id='word_1_44' title='bbox 1667 1161 1996 1260; x_wconf 88' lang='lat' dir='ltr'>cognovit</span> <span class='ocrx_word' id='word_1_45' title='bbox 2030 1185 2051 1232; x_wconf 69' lang='grc' dir='ltr'><strong>ι</strong></span> <span class='ocrx_word' id='word_1_46' title='bbox 2100 1160 2208 1234; x_wconf 90' lang='lat' dir='ltr'>illi</span> <span class='ocrx_word' id='word_1_47' title='bbox 2250 1185 2428 1256; x_wconf 91' lang='lat' dir='ltr'>puro</span> <span class='ocrx_word' id='word_1_48' title='bbox 2458 1162 2528 1233; x_wconf 90' lang='lat' dir='ltr'>in</span> <span class='ocrx_word' id='word_1_49' title='bbox 2569 1161 2828 1233; x_wconf 87' lang='lat' dir='ltr'>lumine</span> <span class='ocrx_word' id='word_1_50' title='bbox 2854 1160 3092 1236; x_wconf 88' lang='lat' dir='ltr'>lumen</span> <span class='ocrx_word' id='word_1_51' title='bbox 3133 1153 3646 1256; x_wconf 79' lang='lat' dir='ltr'>conspicantur3</span> 
     </span>
     <span class='ocr_line' id='line_1_7' title="bbox 967 1251 3644 1369; baseline -0.003 -32"><span class='ocrx_word' id='word_1_52' title='bbox 967 1261 1623 1356; x_wconf 81' lang='lat' dir='ltr'>tremendorumquc</span> <span class='ocrx_word' id='word_1_53' title='bbox 1661 1251 2067 1334; x_wconf 87' lang='lat' dir='ltr'>secretorum</span> <span class='ocrx_word' id='word_1_54' title='bbox 2094 1257 2327 1353; x_wconf 87' lang='lat' dir='ltr'>mystae</span> <span class='ocrx_word' id='word_1_55' title='bbox 2343 1259 2648 1369; x_wconf 80' lang='lat' dir='ltr'>primum</span> <span class='ocrx_word' id='word_1_56' title='bbox 2673 1303 2696 1340; x_wconf 86' lang='lat'><strong>,</strong></span> <span class='ocrx_word' id='word_1_57' title='bbox 2753 1283 2921 1332; x_wconf 89' lang='lat' dir='ltr'>mox</span> <span class='ocrx_word' id='word_1_58' title='bbox 2955 1275 3238 1354; x_wconf 78' lang='lat' dir='ltr'>epoptae</span> <span class='ocrx_word' id='word_1_59' title='bbox 3259 1301 3286 1340; x_wconf 87' lang='lat'>‚</span> <span class='ocrx_word' id='word_1_60' title='bbox 3340 1255 3644 1330; x_wconf 72' lang='lat' dir='ltr'>cominus</span> 
     </span>
     <span class='ocr_line' id='line_1_8' title="bbox 968 1352 3120 1452; baseline -0.004 -17"><span class='ocrx_word' id='word_1_61' title='bbox 968 1382 1048 1434; x_wconf 88' lang='lat' dir='ltr'>ea</span> <span class='ocrx_word' id='word_1_62' title='bbox 1084 1378 1404 1439; x_wconf 85' lang='lat' dir='ltr'>cernunt,</span> <span class='ocrx_word' id='word_1_63' title='bbox 1459 1378 1617 1452; x_wconf 81' lang='lat' dir='ltr'>quae</span> <span class='ocrx_word' id='word_1_64' title='bbox 1644 1354 2069 1452; x_wconf 86' lang='lat' dir='ltr'><strong>Angelorum</strong></span> <span class='ocrx_word' id='word_1_65' title='bbox 2105 1353 2227 1426; x_wconf 91' lang='lat' dir='ltr'>diu</span> <span class='ocrx_word' id='word_1_66' title='bbox 2251 1354 2618 1451; x_wconf 78' lang='lat' dir='ltr'>fatigarunt</span> <span class='ocrx_word' id='word_1_67' title='bbox 2652 1352 3120 1452; x_wconf 85' lang='lat' dir='ltr'>satagentiam.</span> 
     </span>
    </p>

    <p class='ocr_par' dir='ltr' id='par_1_4' title="bbox 926 1449 3650 4057">
     <span class='ocr_line' id='line_1_9' title="bbox 1165 1449 3646 1551; baseline 0 -28"><span class='ocrx_word' id='word_1_68' title='bbox 1165 1459 1343 1539; x_wconf 83' lang='lat' dir='ltr'>Quae</span> <span class='ocrx_word' id='word_1_69' title='bbox 1375 1476 1596 1551; x_wconf 90' lang='lat' dir='ltr'>quum</span> <span class='ocrx_word' id='word_1_70' title='bbox 1632 1475 1915 1524; x_wconf 87' lang='lat' dir='ltr'>cernunt</span> <span class='ocrx_word' id='word_1_71' title='bbox 1960 1496 1985 1533; x_wconf 88' lang='lat'>,</span> <span class='ocrx_word' id='word_1_72' title='bbox 2055 1449 2193 1522; x_wconf 87' lang='lat' dir='ltr'>dici</span> <span class='ocrx_word' id='word_1_73' title='bbox 2241 1474 2382 1524; x_wconf 91' lang='lat' dir='ltr'>non</span> <span class='ocrx_word' id='word_1_74' title='bbox 2420 1449 2641 1548; x_wconf 89' lang='lat' dir='ltr'>potest</span> <span class='ocrx_word' id='word_1_75' title='bbox 2677 1496 2702 1533; x_wconf 87' lang='lat'>,</span> <span class='ocrx_word' id='word_1_76' title='bbox 2773 1472 3028 1546; x_wconf 83' lang='lat' dir='ltr'>quanta</span> <span class='ocrx_word' id='word_1_77' title='bbox 3071 1455 3646 1548; x_wconf 67' lang='lat' dir='ltr'>Jucunmrnrz</span> 
     </span>
     <span class='ocr_line' id='line_1_10' title="bbox 968 1543 3650 1646; baseline -0.002 -18"><span class='ocrx_word' id='word_1_78' title='bbox 968 1551 1280 1629; x_wconf 81' lang='lat' dir='ltr'>fruantur</span> <span class='ocrx_word' id='word_1_79' title='bbox 1299 1596 1321 1631; x_wconf 89' lang='lat'><strong>,</strong></span> <span class='ocrx_word' id='word_1_80' title='bbox 1377 1569 1629 1645; x_wconf 88' lang='lat' dir='ltr'>quanta</span> <span class='ocrx_word' id='word_1_81' title='bbox 1655 1548 2008 1645; x_wconf 89' lang='lat' dir='ltr'>voluptate</span> <span class='ocrx_word' id='word_1_82' title='bbox 2048 1545 2563 1644; x_wconf 84' lang='lat' dir='ltr'>perfundantur.</span> <span class='ocrx_word' id='word_1_83' title='bbox 2663 1546 2776 1622; x_wconf 82' lang='lat' dir='ltr'>Est</span> <span class='ocrx_word' id='word_1_84' title='bbox 2801 1543 2956 1621; x_wconf 85' lang='lat' dir='ltr'>sane</span> <span class='ocrx_word' id='word_1_85' title='bbox 2978 1550 3236 1621; x_wconf 90' lang='lat' dir='ltr'>veritas</span> <span class='ocrx_word' id='word_1_86' title='bbox 3259 1549 3496 1622; x_wconf 87' lang='lat' dir='ltr'>omnis</span> <span class='ocrx_word' id='word_1_87' title='bbox 3513 1550 3650 1646; x_wconf 87' lang='lat' dir='ltr'>qui·</span> 
     </span>
     <span class='ocr_line' id='line_1_11' title="bbox 974 1639 3644 1746; baseline -0.001 -25"><span class='ocrx_word' id='word_1_88' title='bbox 974 1648 1139 1721; x_wconf 89' lang='lat' dir='ltr'>dam</span> <span class='ocrx_word' id='word_1_89' title='bbox 1174 1646 1392 1719; x_wconf 88' lang='lat' dir='ltr'>veluti</span> <span class='ocrx_word' id='word_1_90' title='bbox 1432 1646 1818 1718; x_wconf 88' lang='lat' dir='ltr'>animorum</span> <span class='ocrx_word' id='word_1_91' title='bbox 1856 1643 2080 1741; x_wconf 86' lang='lat' dir='ltr'>pastus</span> <span class='ocrx_word' id='word_1_92' title='bbox 2118 1672 2144 1730; x_wconf 78' lang='lat'>3</span> <span class='ocrx_word' id='word_1_93' title='bbox 2211 1639 2330 1716; x_wconf 91' lang='lat' dir='ltr'>scd</span> <span class='ocrx_word' id='word_1_94' title='bbox 2370 1668 2518 1740; x_wconf 91' lang='lat' dir='ltr'>quo</span> <span class='ocrx_word' id='word_1_95' title='bbox 2571 1641 2692 1717; x_wconf 89' lang='lat' dir='ltr'>illa</span> <span class='ocrx_word' id='word_1_96' title='bbox 2731 1639 3232 1718; x_wconf 88' lang='lat' dir='ltr'>momentofior</span> <span class='ocrx_word' id='word_1_97' title='bbox 3277 1690 3302 1726; x_wconf 84' lang='lat'><strong>,</strong></span> <span class='ocrx_word' id='word_1_98' title='bbox 3363 1669 3515 1746; x_wconf 89' lang='lat' dir='ltr'>quo</span> <span class='ocrx_word' id='word_1_99' title='bbox 3545 1645 3644 1719; x_wconf 83' lang='lat' dir='ltr'>ab·</span> 
     </span>
     <span class='ocr_line' id='line_1_12' title="bbox 977 1737 3648 1839; baseline -0.003 -18"><span class='ocrx_word' id='word_1_100' title='bbox 977 1740 1245 1821; x_wconf 84' lang='lat' dir='ltr'>strufior</span> <span class='ocrx_word' id='word_1_101' title='bbox 1286 1741 1416 1825; x_wconf 87' lang='lat' dir='ltr'>est,</span> <span class='ocrx_word' id='word_1_102' title='bbox 1474 1766 1557 1811; x_wconf 90' lang='lat' dir='ltr'>eo</span> <span class='ocrx_word' id='word_1_103' title='bbox 1589 1743 1862 1813; x_wconf 89' lang='lat' dir='ltr'>inventa</span> <span class='ocrx_word' id='word_1_104' title='bbox 1894 1744 1968 1813; x_wconf 88' lang='lat'>&amp;</span> <span class='ocrx_word' id='word_1_105' title='bbox 1999 1743 2275 1839; x_wconf 86' lang='lat' dir='ltr'>cognita</span> <span class='ocrx_word' id='word_1_106' title='bbox 2315 1739 2796 1813; x_wconf 87' lang='lat' dir='ltr'>exuberantius</span> <span class='ocrx_word' id='word_1_107' title='bbox 2819 1739 3040 1814; x_wconf 86' lang='lat' dir='ltr'>adfert</span> <span class='ocrx_word' id='word_1_108' title='bbox 3071 1739 3450 1838; x_wconf 84' lang='lat' dir='ltr'>gaudium.</span> <span class='ocrx_word' id='word_1_109' title='bbox 3481 1737 3648 1832; x_wconf 83' lang='lat' dir='ltr'>Quid</span> 
     </span>
     <span class='ocr_line' id='line_1_13' title="bbox 982 1835 3646 1938; baseline -0.001 -25"><span class='ocrx_word' id='word_1_110' title='bbox 982 1839 1166 1913; x_wconf 90' lang='lat' dir='ltr'>illud</span> <span class='ocrx_word' id='word_1_111' title='bbox 1210 1836 1301 1910; x_wconf 85' lang='lat' dir='ltr'>est</span> <span class='ocrx_word' id='word_1_112' title='bbox 1341 1838 1533 1935; x_wconf 91' lang='lat' dir='ltr'>quod</span> <span class='ocrx_word' id='word_1_113' title='bbox 1570 1837 1851 1910; x_wconf 85' lang='lat' dir='ltr'>literatis</span> <span class='ocrx_word' id='word_1_114' title='bbox 1887 1858 2157 1910; x_wconf 88' lang='lat' dir='ltr'>tantum</span> <span class='ocrx_word' id='word_1_115' title='bbox 2194 1835 2575 1910; x_wconf 88' lang='lat' dir='ltr'>studiorum</span> <span class='ocrx_word' id='word_1_116' title='bbox 2610 1837 2919 1910; x_wconf 88' lang='lat' dir='ltr'>ardorem</span> <span class='ocrx_word' id='word_1_117' title='bbox 2945 1839 3210 1926; x_wconf 85' lang='lat' dir='ltr'>injicit,</span> <span class='ocrx_word' id='word_1_118' title='bbox 3270 1859 3355 1912; x_wconf 92' lang='lat' dir='ltr'>ut</span> <span class='ocrx_word' id='word_1_119' title='bbox 3376 1842 3646 1938; x_wconf 60' lang='lat' dir='ltr'>proJcffl</span> 
     </span>
     <span class='ocr_line' id='line_1_14' title="bbox 983 1928 3650 2034; baseline -0 -25"><span class='ocrx_word' id='word_1_120' title='bbox 983 1933 1161 2034; x_wconf 87' lang='lat' dir='ltr'>saepe</span> <span class='ocrx_word' id='word_1_121' title='bbox 1199 1935 1293 2006; x_wconf 84' lang='lat' dir='ltr'>rei</span> <span class='ocrx_word' id='word_1_122' title='bbox 1323 1934 1670 2008; x_wconf 84' lang='lat' dir='ltr'>familiaris</span> <span class='ocrx_word' id='word_1_123' title='bbox 1695 1980 1717 2016; x_wconf 83' lang='lat'>,</span> <span class='ocrx_word' id='word_1_124' title='bbox 1772 1932 2072 2033; x_wconf 62' lang='lat' dir='ltr'>neglecta</span> <span class='ocrx_word' id='word_1_125' title='bbox 2101 1928 2479 2030; x_wconf 86' lang='lat' dir='ltr'>corpusculi</span> <span class='ocrx_word' id='word_1_126' title='bbox 2517 1958 2711 2015; x_wconf 88' lang='lat' dir='ltr'>cura,</span> <span class='ocrx_word' id='word_1_127' title='bbox 2765 1933 3083 2031; x_wconf 89' lang='lat' dir='ltr'>perdiiac</span> <span class='ocrx_word' id='word_1_128' title='bbox 3104 1933 3650 2030; x_wconf 65' lang='lat' dir='ltr'>pernocleschar-</span> 
     </span>
     <span class='ocr_line' id='line_1_15' title="bbox 980 2025 3648 2127; baseline -0.001 -19"><span class='ocrx_word' id='word_1_129' title='bbox 980 2035 1072 2108; x_wconf 87' lang='lat' dir='ltr'>tis</span> <span class='ocrx_word' id='word_1_130' title='bbox 1108 2025 1572 2126; x_wconf 88' lang='lat' dir='ltr'>impallescant</span> <span class='ocrx_word' id='word_1_131' title='bbox 1607 2078 1630 2114; x_wconf 87' lang='lat'>‚</span> <span class='ocrx_word' id='word_1_132' title='bbox 1686 2030 2360 2127; x_wconf 88' lang='lat' dir='ltr'>meditationumque</span> <span class='ocrx_word' id='word_1_133' title='bbox 2395 2030 2772 2102; x_wconf 90' lang='lat' dir='ltr'>intentione</span> <span class='ocrx_word' id='word_1_134' title='bbox 2817 2051 3030 2125; x_wconf 88' lang='lat' dir='ltr'>atque</span> <span class='ocrx_word' id='word_1_135' title='bbox 3067 2029 3463 2107; x_wconf 71' lang='lat' dir='ltr'>assiduitate</span> <span class='ocrx_word' id='word_1_136' title='bbox 3501 2034 3648 2106; x_wconf 78' lang='lat' dir='ltr'>vita·</span> 
     </span>
     <span class='ocr_line' id='line_1_16' title="bbox 981 2121 3644 2225; baseline -0.002 -21"><span class='ocrx_word' id='word_1_137' title='bbox 981 2129 1090 2204; x_wconf 88' lang='lat' dir='ltr'>les</span> <span class='ocrx_word' id='word_1_138' title='bbox 1129 2126 1398 2225; x_wconf 88' lang='lat' dir='ltr'>spiritus</span> <span class='ocrx_word' id='word_1_139' title='bbox 1436 2126 1840 2201; x_wconf 83' lang='lat' dir='ltr'>exhauriant</span> <span class='ocrx_word' id='word_1_140' title='bbox 1869 2173 1890 2209; x_wconf 87' lang='lat'>,</span> <span class='ocrx_word' id='word_1_141' title='bbox 1961 2121 2082 2199; x_wconf 76' lang='lat' dir='ltr'>nist</span> <span class='ocrx_word' id='word_1_142' title='bbox 2123 2126 2425 2199; x_wconf 89' lang='lat' dir='ltr'>veritatis</span> <span class='ocrx_word' id='word_1_143' title='bbox 2477 2126 2901 2200; x_wconf 87' lang='lat' dir='ltr'>inveniendae</span> <span class='ocrx_word' id='word_1_144' title='bbox 2947 2122 3100 2225; x_wconf 91' lang='lat' dir='ltr'>spes</span> <span class='ocrx_word' id='word_1_145' title='bbox 3139 2125 3168 2196; x_wconf 71' lang='grc' dir='ltr'>ἒ</span> <span class='ocrx_word' id='word_1_146' title='bbox 3217 2133 3398 2202; x_wconf 87' lang='lat' dir='ltr'>Earn</span> <span class='ocrx_word' id='word_1_147' title='bbox 3443 2147 3644 2203; x_wconf 83' lang='lat' dir='ltr'>autem</span> 
     </span>
     <span class='ocr_line' id='line_1_17' title="bbox 978 2217 3646 2324; baseline -0.001 -24"><span class='ocrx_word' id='word_1_148' title='bbox 978 2226 1101 2300; x_wconf 85' lang='lat' dir='ltr'>ubi</span> <span class='ocrx_word' id='word_1_149' title='bbox 1137 2229 1539 2297; x_wconf 88' lang='lat' dir='ltr'>invenerunt</span> <span class='ocrx_word' id='word_1_150' title='bbox 1561 2271 1582 2307; x_wconf 88' lang='lat'>,</span> <span class='ocrx_word' id='word_1_151' title='bbox 1636 2224 1748 2296; x_wconf 87' lang='lat' dir='ltr'>vel</span> <span class='ocrx_word' id='word_1_152' title='bbox 1780 2217 2098 2295; x_wconf 81' lang='lat' dir='ltr'>invenisse</span> <span class='ocrx_word' id='word_1_153' title='bbox 2124 2217 2189 2294; x_wconf 90' lang='lat' dir='ltr'>se</span> <span class='ocrx_word' id='word_1_154' title='bbox 2226 2241 2471 2318; x_wconf 91' lang='lat' dir='ltr'>putant</span> <span class='ocrx_word' id='word_1_155' title='bbox 2495 2269 2518 2304; x_wconf 88' lang='lat'>,</span> <span class='ocrx_word' id='word_1_156' title='bbox 2578 2247 2789 2320; x_wconf 91' lang='lat' dir='ltr'>quam</span> <span class='ocrx_word' id='word_1_157' title='bbox 2809 2222 3106 2320; x_wconf 84' lang='lat' dir='ltr'>gestiunt</span> <span class='ocrx_word' id='word_1_158' title='bbox 3127 2226 3163 2298; x_wconf 70' lang='grc' dir='ltr'>ἐ</span> <span class='ocrx_word' id='word_1_159' title='bbox 3211 2251 3434 2324; x_wconf 88' lang='lat' dir='ltr'>quam</span> <span class='ocrx_word' id='word_1_160' title='bbox 3453 2219 3646 2298; x_wconf 88' lang='lat' dir='ltr'>exsul·</span> 
     </span>
     <span class='ocr_line' id='line_1_18' title="bbox 981 2315 3636 2417; baseline 0.001 -20"><span class='ocrx_word' id='word_1_161' title='bbox 981 2321 1176 2397; x_wconf 63' lang='lat' dir='ltr'>tant?</span> <span class='ocrx_word' id='word_1_162' title='bbox 1229 2345 1441 2417; x_wconf 89' lang='lat' dir='ltr'>quam</span> <span class='ocrx_word' id='word_1_163' title='bbox 1492 2318 1916 2416; x_wconf 87' lang='lat' dir='ltr'>triumphant</span> <span class='ocrx_word' id='word_1_164' title='bbox 1963 2315 1989 2388; x_wconf 72' lang='grc' dir='ltr'>ἓ</span> <span class='ocrx_word' id='word_1_165' title='bbox 2040 2343 2253 2415; x_wconf 91' lang='lat' dir='ltr'>quam</span> <span class='ocrx_word' id='word_1_166' title='bbox 2293 2340 2571 2391; x_wconf 85' lang='lat' dir='ltr'>caeteros</span> <span class='ocrx_word' id='word_1_167' title='bbox 2613 2323 2900 2415; x_wconf 87' lang='lat' dir='ltr'>ignavos</span> <span class='ocrx_word' id='word_1_168' title='bbox 2937 2319 3102 2394; x_wconf 91' lang='lat' dir='ltr'>illos</span> <span class='ocrx_word' id='word_1_169' title='bbox 3145 2327 3226 2398; x_wconf 88' lang='lat'>&amp;</span> <span class='ocrx_word' id='word_1_170' title='bbox 3265 2319 3636 2400; x_wconf 73' lang='lat' dir='ltr'>inficientes,</span> 
     </span>
     <span class='ocr_line' id='line_1_19' title="bbox 971 2410 3642 2526; baseline -0.001 -37"><span class='ocrx_word' id='word_1_171' title='bbox 971 2412 1350 2514; x_wconf 83' lang='lat' dir='ltr'>averfisque</span> <span class='ocrx_word' id='word_1_172' title='bbox 1393 2413 1609 2491; x_wconf 72' lang='lat' dir='ltr'>Musis</span> <span class='ocrx_word' id='word_1_173' title='bbox 1643 2440 1877 2496; x_wconf 86' lang='lat' dir='ltr'>natos,</span> <span class='ocrx_word' id='word_1_174' title='bbox 1934 2441 2071 2514; x_wconf 86' lang='lat' dir='ltr'>prae</span> <span class='ocrx_word' id='word_1_175' title='bbox 2108 2411 2171 2486; x_wconf 94' lang='lat' dir='ltr'>se</span> <span class='ocrx_word' id='word_1_176' title='bbox 2219 2411 2642 2526; x_wconf 85' lang='lat' dir='ltr'>despiciunt,</span> <span class='ocrx_word' id='word_1_177' title='bbox 2699 2410 2892 2490; x_wconf 91' lang='lat' dir='ltr'>suum</span> <span class='ocrx_word' id='word_1_178' title='bbox 2925 2417 3110 2492; x_wconf 89' lang='lat' dir='ltr'>illud</span> <span class='ocrx_word' id='word_1_179' title='bbox 3130 2444 3298 2492; x_wconf 89' lang='lat' dir='ltr'>cum</span> <span class='ocrx_word' id='word_1_180' title='bbox 3320 2417 3642 2494; x_wconf 70' lang='lat' dir='ltr'>Archime-</span> 
     </span>
     <span class='ocr_line' id='line_1_20' title="bbox 977 2507 3642 2612; baseline -0.001 -23"><span class='ocrx_word' id='word_1_181' title='bbox 977 2517 1071 2589; x_wconf 86' lang='lat' dir='ltr'>de</span> <span class='ocrx_word' id='word_1_182' title='bbox 1102 2509 1411 2585; x_wconf 77' lang='grc' dir='ltr'>Ε”ΎΡΗΚΑ</span> <span class='ocrx_word' id='word_1_183' title='bbox 1445 2515 1622 2587; x_wconf 86' lang='lat' dir='ltr'>miro</span> <span class='ocrx_word' id='word_1_184' title='bbox 1663 2512 2063 2612; x_wconf 84' lang='lat' dir='ltr'>gratulantis</span> <span class='ocrx_word' id='word_1_185' title='bbox 2102 2507 2220 2583; x_wconf 83' lang='lat' dir='ltr'>fibi</span> <span class='ocrx_word' id='word_1_186' title='bbox 2248 2512 2457 2583; x_wconf 87' lang='lat' dir='ltr'>ammi</span> <span class='ocrx_word' id='word_1_187' title='bbox 2489 2507 2816 2608; x_wconf 86' lang='lat' dir='ltr'>applausu</span> <span class='ocrx_word' id='word_1_188' title='bbox 2847 2515 3363 2612; x_wconf 84' lang='lat' dir='ltr'>ingeminantes</span> <span class='ocrx_word' id='word_1_189' title='bbox 3393 2512 3420 2588; x_wconf 71' lang='grc' dir='ltr'>ζ</span> <span class='ocrx_word' id='word_1_190' title='bbox 3509 2529 3642 2586; x_wconf 82' lang='lat' dir='ltr'>uvat</span> 
     </span>
     <span class='ocr_line' id='line_1_21' title="bbox 978 2604 3638 2710; baseline -0.002 -26"><span class='ocrx_word' id='word_1_191' title='bbox 978 2613 1323 2710; x_wconf 87' lang='lat' dir='ltr'>imprimis</span> <span class='ocrx_word' id='word_1_192' title='bbox 1354 2610 1616 2684; x_wconf 85' lang='lat' dir='ltr'>abditas</span> <span class='ocrx_word' id='word_1_193' title='bbox 1645 2636 1870 2684; x_wconf 89' lang='lat' dir='ltr'>rerum</span> <span class='ocrx_word' id='word_1_194' title='bbox 1908 2604 2153 2683; x_wconf 81' lang='lat' dir='ltr'>cauffas</span> <span class='ocrx_word' id='word_1_195' title='bbox 2186 2609 2469 2689; x_wconf 84' lang='lat' dir='ltr'>rimari,</span> <span class='ocrx_word' id='word_1_196' title='bbox 2515 2610 2588 2679; x_wconf 89' lang='lat'>&amp;</span> <span class='ocrx_word' id='word_1_197' title='bbox 2623 2630 2930 2683; x_wconf 86' lang='lat' dir='ltr'>naturam</span> <span class='ocrx_word' id='word_1_198' title='bbox 2954 2609 3252 2684; x_wconf 73' lang='lat' dir='ltr'>universi</span> <span class='ocrx_word' id='word_1_199' title='bbox 3279 2638 3420 2685; x_wconf 88' lang='lat' dir='ltr'>non</span> <span class='ocrx_word' id='word_1_200' title='bbox 3440 2639 3476 2684; x_wconf 88' lang='lat' dir='ltr'>a</span> <span class='ocrx_word' id='word_1_201' title='bbox 3537 2607 3638 2680; x_wconf 73' lang='lat' dir='ltr'>hae</span> 
     </span>
     <span class='ocr_line' id='line_1_22' title="bbox 980 2699 3636 2806; baseline -0.002 -22"><span class='ocrx_word' id='word_1_202' title='bbox 980 2706 1207 2785; x_wconf 85' lang='lat' dir='ltr'>solum</span> <span class='ocrx_word' id='word_1_203' title='bbox 1245 2731 1433 2805; x_wconf 88' lang='lat' dir='ltr'>parte</span> <span class='ocrx_word' id='word_1_204' title='bbox 1456 2709 1690 2780; x_wconf 88' lang='lat' dir='ltr'>videre</span> <span class='ocrx_word' id='word_1_205' title='bbox 1730 2733 1888 2803; x_wconf 81' lang='lat' dir='ltr'>quae</span> <span class='ocrx_word' id='word_1_206' title='bbox 1918 2707 2195 2804; x_wconf 89' lang='lat' dir='ltr'>publica</span> <span class='ocrx_word' id='word_1_207' title='bbox 2215 2703 2347 2787; x_wconf 86' lang='lat' dir='ltr'>est,</span> <span class='ocrx_word' id='word_1_208' title='bbox 2388 2699 2505 2777; x_wconf 93' lang='lat' dir='ltr'>sed</span> <span class='ocrx_word' id='word_1_209' title='bbox 2533 2708 2608 2777; x_wconf 88' lang='lat'>&amp;</span> <span class='ocrx_word' id='word_1_210' title='bbox 2633 2708 2703 2779; x_wconf 90' lang='lat' dir='ltr'>in</span> <span class='ocrx_word' id='word_1_211' title='bbox 2739 2699 3099 2781; x_wconf 86' lang='lat' dir='ltr'>secretiora</span> <span class='ocrx_word' id='word_1_212' title='bbox 3141 2712 3293 2798; x_wconf 89' lang='lat' dir='ltr'>ejus</span> <span class='ocrx_word' id='word_1_213' title='bbox 3315 2731 3636 2806; x_wconf 87' lang='lat' dir='ltr'>penetran-</span> 
     </span>
     <span class='ocr_line' id='line_1_23' title="bbox 982 2799 3636 2901; baseline -0.001 -25"><span class='ocrx_word' id='word_1_214' title='bbox 982 2805 1082 2876; x_wconf 88' lang='lat' dir='ltr'>do</span> <span class='ocrx_word' id='word_1_215' title='bbox 1117 2805 1419 2878; x_wconf 72' lang='lat' dir='ltr'>collectis</span> <span class='ocrx_word' id='word_1_216' title='bbox 1461 2803 2019 2878; x_wconf 86' lang='lat' dir='ltr'>admirandorum</span> <span class='ocrx_word' id='word_1_217' title='bbox 2058 2799 2420 2874; x_wconf 62' lang='lat' dir='ltr'>effectuum</span> <span class='ocrx_word' id='word_1_218' title='bbox 2447 2804 2929 2900; x_wconf 85' lang='lat' dir='ltr'>experimentis</span> <span class='ocrx_word' id='word_1_219' title='bbox 2952 2852 2973 2887; x_wconf 87' lang='lat'><strong>,</strong></span> <span class='ocrx_word' id='word_1_220' title='bbox 3029 2806 3212 2901; x_wconf 91' lang='lat' dir='ltr'>quid</span> <span class='ocrx_word' id='word_1_221' title='bbox 3241 2829 3490 2878; x_wconf 80' lang='lat' dir='ltr'>naturae</span> <span class='ocrx_word' id='word_1_222' title='bbox 3511 2829 3550 2874; x_wconf 94' lang='lat' dir='ltr'>o</span> <span class='ocrx_word' id='word_1_223' title='bbox 3591 2803 3636 2873; x_wconf 87' lang='lat' dir='ltr'>i-</span> 
     </span>
     <span class='ocr_line' id='line_1_24' title="bbox 926 2896 3630 3001; baseline 0.002 -28"><span class='ocrx_word' id='word_1_224' title='bbox 926 2921 939 2936; x_wconf 82' lang='grc'><em>·</em></span> <span class='ocrx_word' id='word_1_225' title='bbox 986 2899 1107 2974; x_wconf 82' lang='lat' dir='ltr'>fex</span> <span class='ocrx_word' id='word_1_226' title='bbox 1142 2906 1335 2971; x_wconf 90' lang='lat' dir='ltr'>Deus</span> <span class='ocrx_word' id='word_1_227' title='bbox 1357 2901 1669 2996; x_wconf 89' lang='lat' dir='ltr'>quotidie</span> <span class='ocrx_word' id='word_1_228' title='bbox 1691 2899 1891 2972; x_wconf 88' lang='lat' dir='ltr'>faciat</span> <span class='ocrx_word' id='word_1_229' title='bbox 1910 2903 1978 2972; x_wconf 91' lang='lat' dir='ltr'>in</span> <span class='ocrx_word' id='word_1_230' title='bbox 2002 2920 2358 2994; x_wconf 89' lang='lat' dir='ltr'>comperto</span> <span class='ocrx_word' id='word_1_231' title='bbox 2383 2896 2629 2973; x_wconf 87' lang='lat' dir='ltr'>habere</span> <span class='ocrx_word' id='word_1_232' title='bbox 2647 2945 2671 2983; x_wconf 86' lang='lat'>,</span> <span class='ocrx_word' id='word_1_233' title='bbox 2725 2903 2799 2973; x_wconf 63' lang='grc' dir='ltr'>ὃς</span> <span class='ocrx_word' id='word_1_234' title='bbox 2825 2902 3001 2998; x_wconf 91' lang='lat' dir='ltr'>quid</span> <span class='ocrx_word' id='word_1_235' title='bbox 3025 2897 3176 3001; x_wconf 83' lang='lat' dir='ltr'>ipse¹</span> <span class='ocrx_word' id='word_1_236' title='bbox 3193 2902 3410 2978; x_wconf 85' lang='lat' dir='ltr'>facere</span> <span class='ocrx_word' id='word_1_237' title='bbox 3433 2926 3522 2999; x_wconf 90' lang='lat' dir='ltr'>po</span> <span class='ocrx_word' id='word_1_238' title='bbox 3569 2921 3630 2978; x_wconf 64' lang='grc' dir='ltr'>Β,</span> 
     </span>
     <span class='ocr_line' id='line_1_25' title="bbox 982 2994 3632 3097; baseline -0 -28"><span class='ocrx_word' id='word_1_239' title='bbox 982 3017 1241 3069; x_wconf 83' lang='lat' dir='ltr'>naturae</span> <span class='ocrx_word' id='word_1_240' title='bbox 1276 2995 1466 3093; x_wconf 90' lang='lat' dir='ltr'>leges</span> <span class='ocrx_word' id='word_1_241' title='bbox 1485 2997 1621 3067; x_wconf 90' lang='lat' dir='ltr'>tuis</span> <span class='ocrx_word' id='word_1_242' title='bbox 1644 2995 2234 3070; x_wconf 88' lang='lat' dir='ltr'>accommodando</span> <span class='ocrx_word' id='word_1_243' title='bbox 2259 2994 2580 3070; x_wconf 85' lang='lat' dir='ltr'>institutis</span> <span class='ocrx_word' id='word_1_244' title='bbox 2600 3041 2623 3078; x_wconf 84' lang='lat'>‚</span> <span class='ocrx_word' id='word_1_245' title='bbox 2678 3021 2834 3072; x_wconf 89' lang='lat' dir='ltr'>cum</span> <span class='ocrx_word' id='word_1_246' title='bbox 2855 3000 3222 3072; x_wconf 87' lang='lat' dir='ltr'>rudiorum</span> <span class='ocrx_word' id='word_1_247' title='bbox 3252 2998 3510 3097; x_wconf 85' lang='lat' dir='ltr'>stupore</span> <span class='ocrx_word' id='word_1_248' title='bbox 3533 3019 3632 3068; x_wconf 85' lang='lat' dir='ltr'>cx-</span> 
     </span>
     <span class='ocr_line' id='line_1_26' title="bbox 981 3085 3628 3191; baseline 0.001 -30"><span class='ocrx_word' id='word_1_249' title='bbox 981 3093 1216 3188; x_wconf 85' lang='lat' dir='ltr'>periri.</span> <span class='ocrx_word' id='word_1_250' title='bbox 1317 3085 1466 3164; x_wconf 84' lang='lat' dir='ltr'>Nisi</span> <span class='ocrx_word' id='word_1_251' title='bbox 1499 3090 1587 3161; x_wconf 88' lang='lat' dir='ltr'>ad</span> <span class='ocrx_word' id='word_1_252' title='bbox 1620 3088 1764 3164; x_wconf 84' lang='lat' dir='ltr'>haec</span> <span class='ocrx_word' id='word_1_253' title='bbox 1812 3091 2243 3175; x_wconf 85' lang='lat' dir='ltr'>admitterer,</span> <span class='ocrx_word' id='word_1_254' title='bbox 2300 3091 2638 3166; x_wconf 86' lang='lat' dir='ltr'>exclamat</span> <span class='ocrx_word' id='word_1_255' title='bbox 2670 3094 2969 3191; x_wconf 85' lang='lat' dir='ltr'>aliquis,</span> <span class='ocrx_word' id='word_1_256' title='bbox 3024 3121 3172 3169; x_wconf 90' lang='lat' dir='ltr'>non</span> <span class='ocrx_word' id='word_1_257' title='bbox 3211 3097 3430 3170; x_wconf 66' lang='lat' dir='ltr'>fixerat</span> <span class='ocrx_word' id='word_1_258' title='bbox 3461 3087 3628 3168; x_wconf 78' lang='lat' dir='ltr'>nasci.</span> 
     </span>
     <span class='ocr_line' id='line_1_27' title="bbox 983 3183 3634 3291; baseline 0.001 -35"><span class='ocrx_word' id='word_1_259' title='bbox 983 3187 1179 3274; x_wconf 83' lang='lat' dir='ltr'>Quid</span> <span class='ocrx_word' id='word_1_260' title='bbox 1218 3189 1401 3260; x_wconf 90' lang='lat' dir='ltr'>enim</span> <span class='ocrx_word' id='word_1_261' title='bbox 1441 3208 1621 3268; x_wconf 86' lang='lat' dir='ltr'>erat,</span> <span class='ocrx_word' id='word_1_262' title='bbox 1675 3191 1889 3261; x_wconf 87' lang='lat' dir='ltr'>curin</span> <span class='ocrx_word' id='word_1_263' title='bbox 1926 3214 2214 3263; x_wconf 89' lang='lat' dir='ltr'>numero</span> <span class='ocrx_word' id='word_1_264' title='bbox 2233 3190 2613 3264; x_wconf 83' lang='lat' dir='ltr'>viventium</span> <span class='ocrx_word' id='word_1_265' title='bbox 2637 3217 2748 3265; x_wconf 89' lang='lat' dir='ltr'>me</span> <span class='ocrx_word' id='word_1_266' title='bbox 2767 3188 3066 3288; x_wconf 74' lang='lat' dir='ltr'>positum</span> <span class='ocrx_word' id='word_1_267' title='bbox 3103 3191 3234 3266; x_wconf 81' lang='lat' dir='ltr'>effe</span> <span class='ocrx_word' id='word_1_268' title='bbox 3251 3183 3634 3291; x_wconf 60' lang='lat' dir='ltr'>gauderem}</span> 
     </span>
     <span class='ocr_line' id='line_1_28' title="bbox 982 3285 3638 3387; baseline 0 -30"><span class='ocrx_word' id='word_1_269' title='bbox 982 3290 1099 3357; x_wconf 86' lang='lat' dir='ltr'>An</span> <span class='ocrx_word' id='word_1_270' title='bbox 1138 3306 1216 3357; x_wconf 90' lang='lat' dir='ltr'>ut</span> <span class='ocrx_word' id='word_1_271' title='bbox 1249 3285 1437 3359; x_wconf 90' lang='lat' dir='ltr'>cibos</span> <span class='ocrx_word' id='word_1_272' title='bbox 1480 3329 1505 3368; x_wconf 87' lang='lat'>,</span> <span class='ocrx_word' id='word_1_273' title='bbox 1558 3307 1637 3356; x_wconf 89' lang='lat' dir='ltr'>ut</span> <span class='ocrx_word' id='word_1_274' title='bbox 1675 3287 1995 3383; x_wconf 88' lang='lat' dir='ltr'>potiones</span> <span class='ocrx_word' id='word_1_275' title='bbox 2043 3286 2468 3382; x_wconf 88' lang='lat' dir='ltr'>percolarem</span> <span class='ocrx_word' id='word_1_276' title='bbox 2496 3331 2519 3367; x_wconf 86' lang='lat'>‚</span> <span class='ocrx_word' id='word_1_277' title='bbox 2588 3308 2668 3360; x_wconf 89' lang='lat' dir='ltr'>ut</span> <span class='ocrx_word' id='word_1_278' title='bbox 2701 3287 2832 3362; x_wconf 93' lang='lat' dir='ltr'>hoc</span> <span class='ocrx_word' id='word_1_279' title='bbox 2871 3313 3126 3387; x_wconf 89' lang='lat' dir='ltr'>corpus</span> <span class='ocrx_word' id='word_1_280' title='bbox 3165 3286 3540 3364; x_wconf 75' lang='lat' dir='ltr'>caussarium</span> <span class='ocrx_word' id='word_1_281' title='bbox 3573 3305 3638 3357; x_wconf 77' lang='lat' dir='ltr'>ac</span> 
     </span>
     <span class='ocr_line' id='line_1_29' title="bbox 982 3377 3640 3479; baseline -0.001 -23"><span class='ocrx_word' id='word_1_282' title='bbox 982 3377 1279 3456; x_wconf 87' lang='lat' dir='ltr'>fluidum</span> <span class='ocrx_word' id='word_1_283' title='bbox 1323 3382 1841 3479; x_wconf 88' lang='lat' dir='ltr'>periturumque</span> <span class='ocrx_word' id='word_1_284' title='bbox 1878 3377 1999 3456; x_wconf 86' lang='lat' dir='ltr'>nifi</span> <span class='ocrx_word' id='word_1_285' title='bbox 2047 3382 2330 3459; x_wconf 92' lang='lat' dir='ltr'>subinde</span> <span class='ocrx_word' id='word_1_286' title='bbox 2373 3383 2772 3478; x_wconf 90' lang='lat' dir='ltr'>impleretur</span> <span class='ocrx_word' id='word_1_287' title='bbox 2815 3384 3128 3460; x_wconf 87' lang='lat' dir='ltr'>farcirem</span> <span class='ocrx_word' id='word_1_288' title='bbox 3167 3433 3190 3470; x_wconf 88' lang='lat'>‚</span> <span class='ocrx_word' id='word_1_289' title='bbox 3245 3389 3318 3459; x_wconf 88' lang='lat'>&amp;</span> <span class='ocrx_word' id='word_1_290' title='bbox 3351 3387 3640 3456; x_wconf 85' lang='lat' dir='ltr'>viverem</span> 
     </span>
     <span class='ocr_line' id='line_1_30' title="bbox 986 3475 3641 3575; baseline -0 -24"><span class='ocrx_word' id='word_1_291' title='bbox 986 3480 1154 3575; x_wconf 81' lang='lat' dir='ltr'>aegri</span> <span class='ocrx_word' id='word_1_292' title='bbox 1196 3475 1554 3551; x_wconf 65' lang='lat' dir='ltr'>minister?</span> <span class='ocrx_word' id='word_1_293' title='bbox 1607 3477 1908 3552; x_wconf 88' lang='lat' dir='ltr'>Detrahe</span> <span class='ocrx_word' id='word_1_294' title='bbox 1931 3479 2065 3556; x_wconf 91' lang='lat' dir='ltr'>hoc</span> <span class='ocrx_word' id='word_1_295' title='bbox 2094 3478 2561 3554; x_wconf 77' lang='lat' dir='ltr'>inaestimabile</span> <span class='ocrx_word' id='word_1_296' title='bbox 2604 3483 2864 3554; x_wconf 90' lang='lat' dir='ltr'>bonum</span> <span class='ocrx_word' id='word_1_297' title='bbox 2911 3528 2936 3565; x_wconf 88' lang='lat'>,</span> <span class='ocrx_word' id='word_1_298' title='bbox 2991 3508 3136 3556; x_wconf 90' lang='lat' dir='ltr'>non</span> <span class='ocrx_word' id='word_1_299' title='bbox 3179 3481 3276 3557; x_wconf 91' lang='lat' dir='ltr'>est</span> <span class='ocrx_word' id='word_1_300' title='bbox 3309 3484 3446 3556; x_wconf 85' lang='lat' dir='ltr'>vita</span> <span class='ocrx_word' id='word_1_301' title='bbox 3483 3477 3641 3552; x_wconf 85' lang='lat' dir='ltr'>tanti</span> 
     </span>
     <span class='ocr_line' id='line_1_31' title="bbox 982 3570 3640 3678; baseline 0 -31"><span class='ocrx_word' id='word_1_302' title='bbox 982 3597 1063 3647; x_wconf 89' lang='lat' dir='ltr'>ut</span> <span class='ocrx_word' id='word_1_303' title='bbox 1104 3570 1386 3656; x_wconf 90' lang='lat' dir='ltr'>sudem,</span> <span class='ocrx_word' id='word_1_304' title='bbox 1440 3595 1520 3647; x_wconf 91' lang='lat' dir='ltr'>ut</span> <span class='ocrx_word' id='word_1_305' title='bbox 1553 3575 1851 3652; x_wconf 81' lang='lat' dir='ltr'>aestuem.</span> <span class='ocrx_word' id='word_1_306' title='bbox 1955 3582 2156 3651; x_wconf 88' lang='lat' dir='ltr'>Tunc</span> <span class='ocrx_word' id='word_1_307' title='bbox 2197 3578 2465 3651; x_wconf 87' lang='lat' dir='ltr'>animus</span> <span class='ocrx_word' id='word_1_308' title='bbox 2502 3574 3048 3652; x_wconf 89' lang='lat' dir='ltr'>consummatum</span> <span class='ocrx_word' id='word_1_309' title='bbox 3111 3579 3326 3653; x_wconf 87' lang='lat' dir='ltr'>habet</span> <span class='ocrx_word' id='word_1_310' title='bbox 3353 3579 3640 3678; x_wconf 85' lang='lat' dir='ltr'>plenum-</span> 
     </span>
     <span class='ocr_line' id='line_1_32' title="bbox 982 3669 3638 3773; baseline 0.005 -32"><span class='ocrx_word' id='word_1_311' title='bbox 982 3695 1125 3767; x_wconf 87' lang='lat' dir='ltr'>que</span> <span class='ocrx_word' id='word_1_312' title='bbox 1157 3671 1422 3744; x_wconf 89' lang='lat' dir='ltr'>bonum</span> <span class='ocrx_word' id='word_1_313' title='bbox 1462 3669 1662 3746; x_wconf 85' lang='lat' dir='ltr'>sortis</span> <span class='ocrx_word' id='word_1_314' title='bbox 1693 3670 2048 3759; x_wconf 81' lang='lat' dir='ltr'>humanae,</span> <span class='ocrx_word' id='word_1_315' title='bbox 2096 3697 2314 3773; x_wconf 89' lang='lat' dir='ltr'>quum</span> <span class='ocrx_word' id='word_1_316' title='bbox 2336 3718 2360 3755; x_wconf 84' lang='lat'>‚</span> <span class='ocrx_word' id='word_1_317' title='bbox 2395 3671 2652 3747; x_wconf 86' lang='lat' dir='ltr'>calcato</span> <span class='ocrx_word' id='word_1_318' title='bbox 2676 3677 2869 3747; x_wconf 88' lang='lat' dir='ltr'>omni</span> <span class='ocrx_word' id='word_1_319' title='bbox 2915 3676 3107 3750; x_wconf 86' lang='lat' dir='ltr'>malo</span> <span class='ocrx_word' id='word_1_320' title='bbox 3131 3722 3156 3761; x_wconf 88' lang='lat'>,</span> <span class='ocrx_word' id='word_1_321' title='bbox 3265 3679 3392 3750; x_wconf 88' lang='lat' dir='ltr'>etit</span> <span class='ocrx_word' id='word_1_322' title='bbox 3425 3675 3638 3754; x_wconf 71' lang='lat' dir='ltr'>altum</span> 
     </span>
     <span class='ocr_line' id='line_1_33' title="bbox 983 3704 3636 3872; baseline -0 -32"><span class='ocrx_word' id='word_1_323' title='bbox 983 3769 1062 3840; x_wconf 70' lang='grc' dir='ltr'>δε</span> <span class='ocrx_word' id='word_1_324' title='bbox 1092 3769 1163 3839; x_wconf 90' lang='lat' dir='ltr'>in</span> <span class='ocrx_word' id='word_1_325' title='bbox 1192 3771 1586 3841; x_wconf 87' lang='lat' dir='ltr'>interiorem</span> <span class='ocrx_word' id='word_1_326' title='bbox 1623 3790 1882 3846; x_wconf 83' lang='lat' dir='ltr'>naturae</span> <span class='ocrx_word' id='word_1_327' title='bbox 1915 3767 2132 3844; x_wconf 87' lang='lat' dir='ltr'>finum</span> <span class='ocrx_word' id='word_1_328' title='bbox 2164 3772 2380 3844; x_wconf 86' lang='lat' dir='ltr'>venit.</span> <span class='ocrx_word' id='word_1_329' title='bbox 2483 3773 2684 3847; x_wconf 88' lang='lat' dir='ltr'>Tunc</span> <span class='ocrx_word' id='word_1_330' title='bbox 2716 3772 2905 3862; x_wconf 88' lang='lat' dir='ltr'>juvat</span> <span class='ocrx_word' id='word_1_331' title='bbox 2935 3775 3115 3848; x_wconf 87' lang='lat' dir='ltr'>inter</span> <span class='ocrx_word' id='word_1_332' title='bbox 3152 3704 3370 3850; x_wconf 50' lang='lat' dir='ltr'>suffera</span> <span class='ocrx_word' id='word_1_333' title='bbox 3395 3765 3526 3872; x_wconf 86' lang='lat' dir='ltr'>ipsa</span> <span class='ocrx_word' id='word_1_334' title='bbox 3539 3791 3636 3840; x_wconf 82' lang='lat' dir='ltr'>va-</span> 
     </span>
     <span class='ocr_line' id='line_1_34' title="bbox 990 3864 3638 3965; baseline 0.002 -32"><span class='ocrx_word' id='word_1_335' title='bbox 990 3881 1267 3957; x_wconf 83' lang='lat' dir='ltr'>gantem</span> <span class='ocrx_word' id='word_1_336' title='bbox 1308 3864 1608 3938; x_wconf 87' lang='lat' dir='ltr'>divitum</span> <span class='ocrx_word' id='word_1_337' title='bbox 1639 3869 2027 3963; x_wconf 87' lang='lat' dir='ltr'>pavimenta</span> <span class='ocrx_word' id='word_1_338' title='bbox 2062 3866 2326 3950; x_wconf 86' lang='lat' dir='ltr'>ridere,</span> <span class='ocrx_word' id='word_1_339' title='bbox 2378 3867 2453 3938; x_wconf 87' lang='lat'>&amp;</span> <span class='ocrx_word' id='word_1_340' title='bbox 2495 3890 2758 3943; x_wconf 85' lang='lat' dir='ltr'>auratas</span> <span class='ocrx_word' id='word_1_341' title='bbox 2791 3872 3102 3965; x_wconf 90' lang='lat' dir='ltr'>porticus</span> <span class='ocrx_word' id='word_1_342' title='bbox 3127 3917 3150 3954; x_wconf 86' lang='lat'><strong>,</strong></span> <span class='ocrx_word' id='word_1_343' title='bbox 3207 3874 3292 3945; x_wconf 75' lang='grc' dir='ltr'>δι</span> <span class='ocrx_word' id='word_1_344' title='bbox 3337 3865 3638 3946; x_wconf 72' lang='lat' dir='ltr'>lacunaria</span> 
     </span>
     <span class='ocr_line' id='line_1_35' title="bbox 990 3957 3518 4057; baseline 0.005 -29"><span class='ocrx_word' id='word_1_345' title='bbox 990 3957 1200 4032; x_wconf 86' lang='lat' dir='ltr'>ebore</span> <span class='ocrx_word' id='word_1_346' title='bbox 1238 3959 1611 4057; x_wconf 85' lang='lat' dir='ltr'>fulgentia,</span> <span class='ocrx_word' id='word_1_347' title='bbox 1665 3964 1741 4034; x_wconf 84' lang='lat'>&amp;</span> <span class='ocrx_word' id='word_1_348' title='bbox 1775 3960 2047 4037; x_wconf 85' lang='lat' dir='ltr'>tonfiles</span> <span class='ocrx_word' id='word_1_349' title='bbox 2088 3959 2282 4036; x_wconf 71' lang='lat' dir='ltr'>silvas</span> <span class='ocrx_word' id='word_1_350' title='bbox 2303 4009 2328 4046; x_wconf 91' lang='lat'>‚</span> <span class='ocrx_word' id='word_1_351' title='bbox 2383 3964 2457 4035; x_wconf 84' lang='lat'>&amp;</span> <span class='ocrx_word' id='word_1_352' title='bbox 2482 3963 2786 4039; x_wconf 87' lang='lat' dir='ltr'>derivata</span> <span class='ocrx_word' id='word_1_353' title='bbox 2811 3968 2882 4039; x_wconf 90' lang='lat' dir='ltr'>in</span> <span class='ocrx_word' id='word_1_354' title='bbox 2922 3966 3176 4042; x_wconf 87' lang='lat' dir='ltr'>domos</span> <span class='ocrx_word' id='word_1_355' title='bbox 3213 3968 3518 4042; x_wconf 87' lang='lat' dir='ltr'>flumina.</span> 
     </span>
    </p>

    <p class='ocr_par' dir='ltr' id='par_1_5' title="bbox 981 4052 3644 4814">
     <span class='ocr_line' id='line_1_36' title="bbox 1180 4052 3642 4164; baseline 0.003 -38"><span class='ocrx_word' id='word_1_356' title='bbox 1180 4059 1265 4128; x_wconf 87' lang='lat' dir='ltr'>Et</span> <span class='ocrx_word' id='word_1_357' title='bbox 1298 4052 1452 4129; x_wconf 88' lang='lat' dir='ltr'>sane</span> <span class='ocrx_word' id='word_1_358' title='bbox 1479 4060 1625 4155; x_wconf 87' lang='lat' dir='ltr'>pias</span> <span class='ocrx_word' id='word_1_359' title='bbox 1652 4083 1936 4157; x_wconf 88' lang='lat' dir='ltr'>quoque</span> <span class='ocrx_word' id='word_1_360' title='bbox 1960 4082 2224 4133; x_wconf 88' lang='lat' dir='ltr'>mentes</span> <span class='ocrx_word' id='word_1_361' title='bbox 2257 4062 2753 4157; x_wconf 89' lang='lat' dir='ltr'>contemplatio</span> <span class='ocrx_word' id='word_1_362' title='bbox 2784 4061 2906 4135; x_wconf 90' lang='lat' dir='ltr'>ista</span> <span class='ocrx_word' id='word_1_363' title='bbox 2927 4087 3226 4164; x_wconf 84' lang='lat' dir='ltr'>operum</span> <span class='ocrx_word' id='word_1_364' title='bbox 3255 4089 3510 4139; x_wconf 84' lang='lat' dir='ltr'>naturae</span> <span class='ocrx_word' id='word_1_365' title='bbox 3529 4058 3642 4133; x_wconf 88' lang='lat' dir='ltr'>mi·</span> 
     </span>
     <span class='ocr_line' id='line_1_37' title="bbox 984 4145 3638 4256; baseline 0.004 -31"><span class='ocrx_word' id='word_1_366' title='bbox 984 4145 1168 4225; x_wconf 84' lang='lat' dir='ltr'>rifice</span> <span class='ocrx_word' id='word_1_367' title='bbox 1205 4152 1626 4251; x_wconf 88' lang='lat' dir='ltr'>quandoque</span> <span class='ocrx_word' id='word_1_368' title='bbox 1662 4156 1889 4230; x_wconf 86' lang='lat' dir='ltr'>afficit.</span> <span class='ocrx_word' id='word_1_369' title='bbox 1993 4161 2090 4231; x_wconf 86' lang='lat' dir='ltr'>At</span> <span class='ocrx_word' id='word_1_370' title='bbox 2114 4157 2234 4229; x_wconf 89' lang='lat' dir='ltr'>ubi</span> <span class='ocrx_word' id='word_1_371' title='bbox 2262 4157 2532 4229; x_wconf 86' lang='lat' dir='ltr'>animus</span> <span class='ocrx_word' id='word_1_372' title='bbox 2573 4157 2955 4256; x_wconf 88' lang='lat' dir='ltr'>limpidiori</span> <span class='ocrx_word' id='word_1_373' title='bbox 2993 4159 3448 4236; x_wconf 85' lang='lat' dir='ltr'>circumfusus</span> <span class='ocrx_word' id='word_1_374' title='bbox 3485 4159 3638 4236; x_wconf 72' lang='lat' dir='ltr'>luce,</span> 
     </span>
     <span class='ocr_line' id='line_1_38' title="bbox 986 4243 3644 4354; baseline 0.005 -36"><span class='ocrx_word' id='word_1_375' title='bbox 986 4246 1064 4318; x_wconf 74' lang='grc' dir='ltr'>ὃ(</span> <span class='ocrx_word' id='word_1_376' title='bbox 1102 4243 1508 4345; x_wconf 80' lang='lat' dir='ltr'>generosiori</span> <span class='ocrx_word' id='word_1_377' title='bbox 1542 4252 1838 4349; x_wconf 88' lang='lat' dir='ltr'>agitatus</span> <span class='ocrx_word' id='word_1_378' title='bbox 1874 4248 2115 4354; x_wconf 90' lang='lat' dir='ltr'>spiritu</span> <span class='ocrx_word' id='word_1_379' title='bbox 2151 4299 2176 4336; x_wconf 89' lang='lat'>‚</span> <span class='ocrx_word' id='word_1_380' title='bbox 2227 4251 2430 4350; x_wconf 87' lang='lat' dir='ltr'>supra</span> <span class='ocrx_word' id='word_1_381' title='bbox 2449 4275 2760 4328; x_wconf 87' lang='lat' dir='ltr'>naturam</span> <span class='ocrx_word' id='word_1_382' title='bbox 2789 4249 2859 4327; x_wconf 88' lang='lat' dir='ltr'>se</span> <span class='ocrx_word' id='word_1_383' title='bbox 2893 4255 3181 4332; x_wconf 86' lang='lat' dir='ltr'>extollit</span> <span class='ocrx_word' id='word_1_384' title='bbox 3215 4305 3246 4342; x_wconf 82' lang='lat'>,</span> <span class='ocrx_word' id='word_1_385' title='bbox 3299 4265 3526 4332; x_wconf 87' lang='lat' dir='ltr'>Deum</span> <span class='ocrx_word' id='word_1_386' title='bbox 3573 4271 3644 4324; x_wconf 68' lang='lat' dir='ltr'>ue</span> 
     </span>
     <span class='ocr_line' id='line_1_39' title="bbox 982 4335 3642 4452; baseline 0.006 -36"><span class='ocrx_word' id='word_1_387' title='bbox 982 4335 1110 4416; x_wconf 84' lang='lat' dir='ltr'>fibi</span> <span class='ocrx_word' id='word_1_388' title='bbox 1149 4339 1613 4439; x_wconf 78' lang='lat' dir='ltr'>repraesentat,</span> <span class='ocrx_word' id='word_1_389' title='bbox 1666 4373 1809 4423; x_wconf 89' lang='lat' dir='ltr'>non</span> <span class='ocrx_word' id='word_1_390' title='bbox 1843 4373 1922 4423; x_wconf 90' lang='lat' dir='ltr'>ut</span> <span class='ocrx_word' id='word_1_391' title='bbox 1959 4349 2392 4426; x_wconf 71' lang='lat' dir='ltr'>conditorem</span> <span class='ocrx_word' id='word_1_392' title='bbox 2431 4349 2655 4426; x_wconf 87' lang='lat' dir='ltr'>modo</span> <span class='ocrx_word' id='word_1_393' title='bbox 2679 4353 3159 4452; x_wconf 69' lang='lat' dir='ltr'>restoremque</span> <span class='ocrx_word' id='word_1_394' title='bbox 3191 4349 3520 4436; x_wconf 68' lang='lat' dir='ltr'>universi,</span> <span class='ocrx_word' id='word_1_395' title='bbox 3571 4343 3642 4422; x_wconf 68' lang='lat' dir='ltr'>ed</span> 
     </span>
     <span class='ocr_line' id='line_1_40' title="bbox 986 4433 3636 4551; baseline 0.007 -39"><span class='ocrx_word' id='word_1_396' title='bbox 986 4459 1069 4512; x_wconf 90' lang='lat' dir='ltr'>ut</span> <span class='ocrx_word' id='word_1_397' title='bbox 1094 4433 1213 4511; x_wconf 91' lang='lat' dir='ltr'>sos</span> <span class='ocrx_word' id='word_1_398' title='bbox 1247 4441 1565 4517; x_wconf 84' lang='lat' dir='ltr'>itatorem</span> <span class='ocrx_word' id='word_1_399' title='bbox 1598 4445 1851 4540; x_wconf 85' lang='lat' dir='ltr'>perditi</span> <span class='ocrx_word' id='word_1_400' title='bbox 1890 4447 2267 4544; x_wconf 79' lang='lat' dir='ltr'>peccatoris</span> <span class='ocrx_word' id='word_1_401' title='bbox 2300 4493 2325 4529; x_wconf 86' lang='lat'>,</span> <span class='ocrx_word' id='word_1_402' title='bbox 2449 4448 2626 4521; x_wconf 83' lang='lat' dir='ltr'>ualis</span> <span class='ocrx_word' id='word_1_403' title='bbox 2667 4450 2742 4522; x_wconf 91' lang='lat' dir='ltr'>in</span> <span class='ocrx_word' id='word_1_404' title='bbox 2791 4451 3182 4551; x_wconf 84' lang='lat' dir='ltr'>Evangelio</span> <span class='ocrx_word' id='word_1_405' title='bbox 3221 4447 3636 4532; x_wconf 79' lang='lat' dir='ltr'>describitur3</span> 
     </span>
     <span class='ocr_line' id='line_1_41' title="bbox 984 4463 3636 4648; baseline 0.004 -40"><span class='ocrx_word' id='word_1_406' title='bbox 984 4463 1461 4648; x_wconf 32' lang='lat' dir='ltr'>tum-‹femum</span> <span class='ocrx_word' id='word_1_407' title='bbox 1492 4537 1675 4614; x_wconf 89' lang='lat' dir='ltr'>illud</span> <span class='ocrx_word' id='word_1_408' title='bbox 1706 4542 1779 4616; x_wconf 90' lang='lat' dir='ltr'>in</span> <span class='ocrx_word' id='word_1_409' title='bbox 1819 4539 1887 4614; x_wconf 90' lang='lat' dir='ltr'>se</span> <span class='ocrx_word' id='word_1_410' title='bbox 1908 4543 2243 4642; x_wconf 85' lang='lat' dir='ltr'>gaudium</span> <span class='ocrx_word' id='word_1_411' title='bbox 2259 4469 2738 4644; x_wconf 42' lang='lat' dir='ltr'>praeantiscib</span> <span class='ocrx_word' id='word_1_412' title='bbox 2791 4547 2994 4641; x_wconf 87' lang='lat' dir='ltr'>quod</span> <span class='ocrx_word' id='word_1_413' title='bbox 3014 4541 3636 4648; x_wconf 46' lang='lat' dir='ltr'>Petrus-‘Apostolus</span> 
     </span>
     <span class='ocr_line' id='line_1_42' title="bbox 981 4627 3634 4814; baseline 0.005 -104"><span class='ocrx_word' id='word_1_414' title='bbox 981 4627 1369 4737; x_wconf 65' lang='lat' dir='ltr'>gloriosum</span> <span class='ocrx_word' id='word_1_415' title='bbox 1404 4636 1481 4712; x_wconf 76' lang='grc' dir='ltr'>δε</span> <span class='ocrx_word' id='word_1_416' title='bbox 1512 4629 1858 4720; x_wconf 84' lang='lat' dir='ltr'>ineffabile</span> <span class='ocrx_word' id='word_1_417' title='bbox 1890 4640 2207 4724; x_wconf 81' lang='lat' dir='ltr'>vocabat.</span> <span class='ocrx_word' id='word_1_418' title='bbox 2306 4637 2458 4720; x_wconf 87' lang='lat' dir='ltr'>Ubi</span> <span class='ocrx_word' id='word_1_419' title='bbox 2487 4635 2876 4742; x_wconf 71' lang='lat' dir='ltr'>finguladm</span> <span class='ocrx_word' id='word_1_420' title='bbox 2911 4641 3216 4724; x_wconf 69' lang='lat' dir='ltr'>lustratis</span> <span class='ocrx_word' id='word_1_421' title='bbox 3261 4637 3634 4814; x_wconf 41' lang='lat' dir='ltr'>immutat!</span> 
     </span>
    </p>
   </div>
  </div>
 </body>
</html>
