4667 5442
611 419 1011 568 ‘Hieronis
1074 472 1602 598 Hierosoiriin.
1709 499 1811 611 043

446 707 449 714 ,
563 637 701 712 XLVI.
726 644 892 711 Praeterea
906 661 1023 711 muros
1039 640 1143 711 etiam
1156 640 1305 712 civitatis
1324 635 1497 740 insigniter
1510 644 1682 727 munivit,
1703 670 1949 746 quumxiw,

455 734 545 812 aliis
566 735 669 810 rebus
691 732 832 817 multis,
859 757 937 808 tuin
954 738 992 808 δι
1013 734 1305 820 tribueturribus,
1333 763 1420 836 quas
1439 766 1495 813 ma
1520 742 1704 825 nitudine,
1733 743 1917 840 pul-Muros

462 834 632 908 critudine
653 855 691 903 ac
716 826 906 914 firmitate,
934 829 1114 915 universis,
1153 858 1233 933 quae
1258 855 1335 907 toto
1358 836 1442 909 orbe
1464 762 1589 922 essent,
1616 825 1898 937 p'raestitille,“.⁸'‘’”
1912 843 1960 878 Ψ·

463 929 560 1004 idem
577 929 740 1026 yosephus
760 933 876 1001 aussor
899 926 956 1002 esl.
1007 934 1163 1018 Quarum
1183 955 1288 1008 unam
1307 934 1409 1005 amici
1426 932 1597 1011 vocabulo
1613 900 1975 1033 Hiericouffffi'h'ss

465 1024 583 1100 dixit:
608 1023 792 1099 secundam
811 1049 895 1098 vero
912 1023 1069 1099 altiorem
1085 1028 1121 1098 δι
1140 1027 1347 1123 pulcriorem
1367 1028 1476 1110 fratris
1488 1034 1875 1109 nominemus-rum
1883 1013 1987 1109 eribus

470 1148 551 1198 eon
571 1121 773 1221 appellavit.
824 1122 935 1213 Cujus
954 1118 1117 1195 celsitudo
1128 1125 1197 1197 sere
1212 1123 1256 1195 ad
1266 1128 1599 1224 nonagintacubitos
1611 1129 1808 1214 tollebatur,
1816 1125 1958 1221 infigqibue

463 1221 503 1293 δι
524 1215 634 1318 specie
650 1219 796 1310 quidem
808 1216 989 1292 videbatur
1017 1218 1169 1294 assimilis
1187 1222 1292 1296 Phari
1316 1225 1426 1307 tuiti,
1455 1251 1533 1324 quae
1567 1203 1938 1300 Alexandriam'm’ss'

463 1316 708 1416 navigantibus
729 1315 848 1414 ignem
868 1314 989 1411 procul
1010 1311 1188 1402 ostendit,
1216 1318 1349 1391 ambitu
1359 1322 1449 1393 'vero
1462 1322 1623 1422 ampliori
1643 1296 1945 1397 dilataba·’'⁰''”⁹⁵‘’

462 1433 532 1488 tui.
587 1413 705 1485 Tertia
721 1432 837 1483 autem
854 1413 1086 1484 Mittimus
1110 1413 1199 1486 disis
1210 1461 1221 1497 ,
1251 1417 1386 1513 aregio,
1394 1420 1565 1517 conjuge,
1593 1416 1815 1517 magnificen-

463 1512 581 1594 tiora,
609 1504 808 1605 eaeterisque
829 1509 1001 1580 ornatiora
1019 1504 1204 1585 diversoria
1219 1506 1422 1588 sustinebat:
1449 1539 1560 1613 quum
1576 1515 1614 1588 id
1632 1519 1814 1615 proprium

461 1601 568 1774 seque
588 1606 736 1706 dignum
749 1610 828 1677 Rex
838 1599 1047 1700 putavisset,
1074 1628 1118 1679 ut·
1130 1609 1252 1682 uxoris
1273 1610 1415 1682 nomine
1432 1610 1603 1709 appellata
1620 1616 1722 1686 turris
1757 1614 1813 1687 lus

433 1757 442 1768 -
460 1701 507 1778 ha
533 1727 605 1778 eret
619 1700 886 1801 pulchritudinis
905 1748 916 1785 ,
933 1726 1051 1799 quam
1066 1728 1145 1801 quae
1157 1706 1313 1778 virorum
1328 1707 1526 1782 nominibus
1538 1711 1697 1783 vocitatae
1727 1732 1809 1783 unt:

449 1796 548 1876 sicut
565 1800 635 1874 illae
653 1800 858 1873 munitiores
876 1820 971 1871 erant
992 1798 1076 1882 hac,
1105 1801 1160 1873 cui
1186 1799 1326 1875 soemina
1348 1827 1476 1875 nomen
1495 1804 1648 1879 dederat.
1700 1809 1811 1880 Mira·

451 1895 547 1976 ¹bilis
566 1923 651 1972 veto
670 1897 706 1970 in
732 1893 884 1970 turribus
904 1891 993 1976 hisce
1015 1897 1173 1994 lapidum
1196 1899 1402 1995 magnitudo
1430 1900 1506 1975 suit.
1556 1907 1633 1976 Nec
1654 1904 1747 1977 enim
1765 1925 1811 1982 ex
1852 1905 1855 1912 '

449 1994 666 2093 ‚vulgaribus
679 1989 768 2068 saxis
788 1995 827 2068 dc
843 2017 923 2090 quae
938 1990 1099 2068 homines
1121 1993 1207 2068 serre
1226 1988 1379 2093 possent,
1406 2021 1527 2070 verum
1540 1993 1628 2071 sesso
1641 2023 1813 2074 marmore

449 2092 632 2175 candido,
659 2094 698 2164 &
713 2083 855 2188 singulis
870 2114 932 2188 pet
956 2094 989 2163 vi
1018 2093 1081 2164 inti
1099 2090 1234 2165 cubitos
1260 2091 1400 2190 longis,
1428 2089 1575 2190 latisque
1593 2094 1744 2180 decem,
1772 2099 1812 2170 dc
1841 2149 1845 2158 -

461 2213 524 2288 per
540 2190 696 2288 quinque
714 2187 816 2271 altis,
846 2209 941 2261 erant
959 2116 1158 2263 aedificataea
1186 2212 1265 2286 quae
1292 2190 1342 2261 ita
1368 2191 1455 2263 inter
1471 2186 1504 2264 se
1523 2190 1684 2289 copulata
1701 2214 1808 2276 erant,
1932 2211 1957 2246 s

433 2321 436 2334 =
463 2307 504 2360 ut
518 2279 661 2386 singulae
688 2308 797 2360 turres
817 2279 946 2383 singula
968 2283 1047 2360 saxa
1065 2285 1262 2359 viderentur
1283 2311 1292 2360 ε
1328 2281 1371 2359 sic
1393 2309 1510 2360 autem
1526 2289 1686 2362 manibus
1704 2285 1811 2362 attisi-

460 2405 542 2493 eum
560 2384 733 2457 infaciem
752 2376 968 2481 angulosque
988 2383 1166 2468 formata,
1202 2405 1242 2457 ut
1264 2377 1433 2481 nusquam
1453 2384 1605 2474 junctura
1631 2385 1812 2486 compagi·
1839 2455 1843 2478 2

456 2503 512 2554 nis
533 2501 721 2579 appareret.

556 2581 708 2651 vaii.
734 2583 972 2688 Porrouquum
991 2579 1162 2655 Romanis
1178 2579 1296 2651 omnia
1314 2576 1454 2653 deberet
1477 2577 1658 2663 Herodes,
1687 2578 1958 2653 eorumXI-VII·

1958 2173 1973 2210 l

462 2674 568 2747 etiam
584 2672 734 2750 instituta
753 2696 873 2773 patriis
891 2673 1047 2750 motibus
1063 2676 1258 2773 antiquiora
1288 2670 1375 2774 saepe
1399 2672 1533 2749 habuit.
1586 2678 1678 2750 Hinc
1696 2658 1896 2790 ethic-fg?
1910 2750 1958 2789 um

459 2771 529 2846 tica
552 2776 736 2846 certamina
766 2773 891 2870 quinto
911 2795 1054 2870 quoque
1085 2796 1176 2845 anno
1208 2768 1439 2846 inhonorem
1463 2768 1606 2847 Caesaris
1639 2751 1964 2884 lssstifflstfflteiihty·

452 2865 596 2942 ‚theatro
625 2868 849 2965 Hierosolymis
881 2866 1079 2944 exstructo:
1120 2867 1246 2942 deinde
1277 2869 1313 2941 in
1340 2894 1463 2968 campo
1492 2867 1866 2967 amphitheatrum,..a
1883 2904 1925 2942 ex-

451 2986 645 3063 utrumque
662 2960 858 3064 sunqotuoso
877 2990 981 3064 opere
995 2960 1236 3064 conspicuum,
1264 2960 1324 3058 sed
1346 2966 1496 3040 alienum
1515 2991 1535 3038 a
1552 2969 1704 3067 Judaicis
1727 2961 1939 3040 molireris.-

453 3061 554 3138 sibus
565 3109 578 3146 ,
605 3064 698 3161 apud
715 3088 806 3161 quos
826 3061 943 3137 nullus
963 3062 1011 3137 est
1029 3060 1154 3136 horum
1175 3057 1276 3146 usus,
1304 3059 1399 3137 nulla
1414 3058 1681 3161 spesiaculorum
1693 3063 1806 3138 osten.

460 3162 563 3234 tatio.
614 3161 681 3237 llle
704 3182 820 3234 tamen
850 3159 1083 3233 celebritatem
1112 3156 1200 3232 hanc
1225 3158 1469 3233 nobilissimam
1492 3155 1556 3233 esse
1577 3160 1714 3243 voluit,
1743 3161 1806 3233 de·

456 3259 653 3332 nunciatam
668 3257 919 3332 circumvicinis
935 3278 1038 3355 atque
1062 3257 1166 3329 etiam
1182 3256 1384 3352 longinquis
1401 3255 1583 3351 gentibus:
1609 3252 1809 3354 propofitis-

455 3378 531 3453 que
550 3356 701 3455 praemiis
731 3377 878 3453 magnus
898 3353 1055 3452 undique
1074 3351 1280 3427 athletarum
1307 3372 1580 3449 caeterorumque
1600 3375 1806 3428 certatorum

452 3449 641 3534 concursus
661 3450 765 3524 uuus
783 3450 829 3523 est
851 3496 862 3533 ,
902 3449 1212 3548 conduxeruntque
1238 3447 1501 3534 exercitatissimi
1528 3452 1661 3547 quique
1682 3450 1718 3520 iii
1738 3448 1805 3530 hoc

430 3570 595 3649 genere.
646 3545 884 3622 Evocabantui
904 3548 996 3621 enim
1014 3547 1148 3646 magnis
1187 3548 1314 3619 raemiis
1337 3570 1408 3618 non
1426 3543 1463 3617 hi
1478 3568 1613 3620 tantum
1630 3548 1692 3643 qui
1701 3569 1807 3646 gym-

452 3646 544 3721 nicis
558 3645 802 3721 certaminibus
821 3643 904 3718 dant
924 3669 1090 3743 operam,
1116 3571 1186 3717 sed
1196 3639 1314 3718 musici
1332 3643 1437 3716 etiam
1452 3640 1665 3757 praestantes,
1693 3647 1730 3717 &
1768 3648 1806 3720 ui

456 3766 625 3820 vocantur
645 3741 854 3841 thymelici:
879 3767 942 3816 nec
963 3767 1033 3815 noti
1048 3741 1258 3841 quadrigarii
1279 3766 1318 3815 ac
1340 3742 1493 3840 trigarii,
1523 3743 1561 3814 &
1579 3742 1642 3841 qui
1665 3672 1806 3841 singtilis

457 3840 561 3939 equis
585 3839 807 3915 celetizontes
826 3834 961 3913 cursum
987 3861 1155 3939 peragunt
1175 3864 1185 3912 t
1224 3861 1349 3938 magna
1375 3840 1594 3913 contentione
1618 3841 1732 3937 regis,
1761 3863 1805 3913 ne

456 3936 549 4035 quid
557 3935 823 4021 desideraretur,
852 3938 951 4036 quod
964 3933 1011 4009 us
1028 3962 1109 4010 uam
1126 3937 1163 4008 in
1181 3932 1250 4010 hoc
1256 3960 1380 4035 genere
1393 3930 1433 4010 lit
1443 3929 1636 4036 spesiabile.
1674 3933 1806 4009 *Thea-

456 4056 553 4124 trum
561 4029 674 4134 ipsum
683 4059 745 4130 per
754 4036 934 4124 circuitum
943 3962 1055 4107 titulis
1072 4054 1142 4105 erat
1153 4055 1314 4106 ornatum
1324 4030 1492 4117 Caesaris,
1519 4031 1730 4131 &trophaeis
1742 4032 1806 4106 de·
1826 4083 1829 4092 -

450 4131 672 4206 vioammab
683 4130 747 4206 illo
759 4132 927 4231 gentium,
948 4155 1033 4205 auro
1046 4151 1151 4228 atque
1166 4129 1580 4229 argentocollucentibus.
1598 4130 1707 4220 Quod
1719 4155 1803 4204 vero

455 4228 504 4302 ad
525 4229 787 4304 instrumentum
800 4232 1053 4326 &apparatum
1074 4226 1219 4307 attinet,
1245 4251 1316 4299 non
1334 4222 1713 4324 vestespretiofissimae,
1733 4251 1804 4301 non

452 4347 605 4424 gemmae
621 4328 757 4401 raritate
775 4322 922 4425 insignes
942 4324 1082 4399 deerant
1097 4325 1133 4396 in
1151 4319 1207 4394 liis
1231 4316 1451 4421 spectaculis:
1477 4318 1675 4423 conquisitis
1699 4327 1804 4398 etiam
1851 4355 1857 4364 ¹

454 4424 538 4504 feris
550 4424 734 4523 plurimis,
760 4423 922 4506 leonibus
940 4415 1157 4592 ‘miqui-1
1162 4416 1221 4589 vhel
1231 4417 1357 4500 robore
1367 4412 1579 4532 spesquie,
1606 4421 1664 4500 vel
1681 4420 1804 4518 aliquo

1218 4538 1244 4596 2
1677 4537 1807 4592 natutae

1460 4707 1474 4740 Ι
1488 4683 1492 4690 ,
