4667 5442
693 511 769 604 De
807 510 1173 607 Turocurrm
1209 512 1469 607 Isurerrr.
1674 534 1774 640 727

530 678 613 747 Non
633 697 672 744 ea
691 674 844 771 profesio
863 699 998 757 mente,
1021 699 1060 748 ut
1078 679 1112 747 in
1127 676 1273 772 patriam
1295 673 1435 746 reduces
1457 670 1611 771 praefrdio
1634 670 1695 747 suo
1714 677 1778 749 de-

419 766 585 861 stitueret
606 798 614 842 z
642 772 801 867 quamvis
818 774 909 844 eninr
927 775 1028 845 initio
1045 768 1168 844 solutae
1191 771 1397 867 captivitatis
1416 772 1451 841 in
1469 796 1504 842 re
1522 767 1615 842 tenui
1637 772 1773 853 fuerint,

427 868 692 961 vicinarumque
713 869 869 964 gentium
891 869 975 940 odio
996 891 1100 966 atque
1113 866 1273 939 ludibriis
1291 865 1514 940 multifariam
1534 871 1647 939 vexati
1669 915 1680 948 ,
1708 871 1777 941 Dei
1990 958 1994 964 η

427 982 546 1038 tamen
565 965 671 1061 Regis
691 960 741 1035 sui
760 964 919 1037 clementi
934 966 1041 1038 tutela
1061 990 1129 1037 non
1147 959 1319 1035 substitere
1341 984 1500 1045 tantum,
1530 960 1588 1034 fed
1604 962 1776 1038 immensis
1888 985 1892 990 '

427 1060 649 1135 incrementis
666 1064 772 1142 anni,
801 1064 837 1134 &
853 1084 975 1135 terram
996 1059 1090 1134 suam
1106 1058 1378 1154 frequentissimis
1393 1059 1534 1132 urbibus
1546 1056 1696 1156 vicisque
1708 1064 1777 1133 im-

458 1157 615 1229 leverunt
627 1204 637 1237 ‚
666 1160 703 1228 &
722 1159 756 1228 in
767 1156 949 1253 quibusvis
968 1164 1139 1255 Europae,
1167 1151 1253 1227 Afrae
1273 1177 1377 1251 atque
1398 1155 1521 1228 Africae
1535 1157 1689 1252 partibus
1700 1152 1775 1229 suas

457 1252 580 1325 abuere
598 1253 764 1326 colonias.
816 1254 932 1327 Multa
948 1254 1049 1343 hujus
1070 1253 1187 1325 tutelae
1202 1253 1340 1323 Divinae
1363 1250 1521 1348 exempla
1534 1252 1681 1348 proferre
1693 1249 1776 1348 pos·

429 1344 512 1518 serps
524 1378 535 1420 .·
561 1345 619 1421 scd
631 1349 838 1446 parcendum
854 1354 1002 1448 tempori
1020 1350 1078 1425 est.
1131 1350 1253 1425 Unum
1271 1371 1315 1419 ex
1332 1346 1491 1443 plurimis
1512 1350 1683 1447 praeterire
1703 1372 1775 1422 non

457 1471 480 1518 ο
508 1472 579 1519 um.

427 1469 455 1546 P
532 1542 727 1615 Alexander
745 1542 831 1617 dum
847 1550 982 1644 Tyrum
1000 1542 1242 1641 oppugnabat,
1270 1538 1401 1643 scriptis
1411 1531 1456 1617 ad
1468 1543 1618 1645 Jaddum
1631 1540 1774 1644 Judaeo-
1782 1556 1904 1653 josephc

423 1662 514 1722 ,rum
526 1636 725 1714 Pontificem
736 1640 845 1715 literis
857 1643 994 1737 petebat
1005 1643 1174 1714 auxilium
1185 1685 1211 1722 ,.
1224 1642 1261 1711 &
1271 1664 1522 1722 commeatum,
1550 1645 1587 1713 &
1598 1640 1771 1740 quidquid
1782 1641 1950 1719 Anth·¹1²

432 1738 532 1849 prius
552 1741 658 1808 Dario
686 1737 837 1810 conferre
861 1735 981 1811 solitus
998 1739 1117 1811 suerat.
1171 1736 1352 1819 Pontifex,
1371 1741 1423 1810 vir
1443 1739 1707 1833 integerrimus,
1735 1730 1868 1810 ἂνω·
1903 1768 1913 1782 ·

428 1854 641 1905 rntemeratae
665 1828 767 1915 fidei,
791 1839 984 1915 renunciat,
1011 1832 1219 1906 sacramento
1231 1829 1264 1905 se
1278 1836 1386 1905 Dario
1404 1835 1597 1907 obstristum
1611 1826 1695 1914 esse,
1721 1833 1775 1905 id·

429 1952 503 2026 que
522 1954 633 2001 ratum
654 1928 726 2000 fore
747 1932 914 2026 quamdiu
929 1934 1066 2005 vixerit.
1117 1932 1228 2003 Coxit
1249 1934 1332 2003 iram
1354 1932 1569 2012 Alexander,
1591 1931 1701 2002 donec
1714 1955 1776 2003 ex·

428 2049 582 2127 pugnata
598 2031 717 2123 Tyro,
745 2052 889 2123 propere
913 2025 1192 2122 Hierosolymam
1213 2052 1292 2099 cum
1314 2027 1506 2099 vistricibus
1523 2028 1631 2123 copiis
1649 2027 1775 2103 movit.

428 2122 488 2198 sbi
507 2123 663 2223 Jaddus,
691 2123 776 2195 irato
800 2126 888 2223 Regi
906 2128 1038 2222 impar,
1068 2127 1106 2194 &
1131 2120 1260 2196 consrsii
1278 2125 1409 2221 inops,
1437 2125 1473 2195 in
1494 2126 1603 2196 varias
1620 2125 1776 2194 animum

429 2242 546 2319 partes
572 2214 730 2292 incassum
761 2224 861 2318 rapit.
911 2227 960 2293 At
991 2226 1088 2292 Deus
1113 2220 1148 2291 in
1169 2217 1310 2293 somniis
1329 2244 1516 2317 apparens,
1544 2220 1639 2291 bono
1658 2219 1777 2291 animo

429 2311 499 2390 esse
512 2317 629 2405 jubet,
658 2319 694 2387 &
714 2339 874 2390 coronata
887 2318 970 2389 urbe
983 2340 1098 2413 portas
1111 2320 1241 2412 aperire
1256 2346 1265 2389 a
1293 2339 1401 2412 utque
1416 2317 1565 2415 populus
1579 2316 1666 2387 albis
1678 2313 1778 2387 vesti·

430 2410 501 2487 bus
522 2413 675 2509 prodiret
695 2413 857 2495 obviam,
886 2412 955 2509 ipse
975 2439 1058 2485 vero
1078 2437 1155 2484 cum
1170 2414 1311 2510 reliquis
1326 2412 1556 2487 sacerdotibus
1573 2409 1702 2484 solenni
1719 2435 1778 2484 or·

417 2508 525 2584 dinis
548 2507 597 2581 fui
614 2510 709 2584 cultu
731 2503 945 2605 sequeretur,
974 2507 1077 2584 securi
1092 2509 1135 2579 de
1148 2511 1216 2580 Dei
1226 2510 1455 2605 providentia.
1506 2512 1596 2583 Laeti
1610 2508 1780 2581 mandatis

417 2628 564 2708 parent.
615 2606 743 2677 Audite
766 2630 849 2677 veto
873 2632 945 2678 rem
968 2603 1105 2703 prorsus
1122 2606 1374 2680 admirabilem.
1425 2613 1522 2679 Dum
1544 2605 1778 2681 Phoenices&

416 2699 593 2809 ,chaldaei
612 2702 729 2773 omnia
755 2700 814 2775 srbi
840 2705 874 2775 in
895 2704 1037 2802 Judaeos
1052 2702 1259 2800 pollicentur
1276 2728 1491 2800 quaecunque
1511 2705 1553 2776 ab
1574 2705 1661 2774 irato
1679 2706 1777 2797 Rege

416 2793 562 2970 ¹&erare
583 2820 761 2894 poterant,
789 2799 889 2895 plane
909 2803 1115 2873 contrarium
1131 2800 1257 2871 evenit.
1308 2800 1505 2873 Alexander
1524 2800 1641 2879 enim,
1670 2818 1709 2869 ut
1722 2800 1779 2868 vi·

416 2943 423 3013 i
463 2895 488 2966 ‘t
505 2919 523 2965 e
541 2894 736 2993 longinquo
756 2896 973 2972 candidatum
986 2896 1178 2995 populum,
1200 2891 1436 2969 &sacerdotes
1449 2899 1483 2969 in
1495 2894 1777 2991 amislubysfrno,

431 2988 706 3089 Pontificemque
719 2995 753 3066 in
772 2992 855 3065 stola
868 2993 1085 3092 hyacinthina
1105 3018 1187 3065 auro
1211 2992 1383 3075 distinfta,
1410 2996 1529 3067 tiaram
1547 2994 1703 3084 incapite
1716 3012 1779 3084 ge·

416 3035 574 3212 lstentem
592 3114 670 3160 cum
691 3087 828 3184 praefixa
841 3090 966 3161 lamina
979 3114 1078 3160 aurea
1097 3085 1261 3183 insculpta
1280 3093 1418 3159 nomine
1432 3088 1599 3187 Jebovae,
1627 3085 1719 3158 folus
1732 3083 1777 3154 ad

433 3207 516 3258 curn
536 3186 698 3256 accedens
717 3209 842 3255 nomen
862 3185 949 3256 illud
960 3184 1135 3263 adoravit,
1162 3208 1199 3256 ac
1216 3179 1372 3254 salutavit
1381 3182 1594 3256 Pontificem.
1645 3179 1778 3279 Judaeis

418 3244 506 3354 ¹uno
521 3304 579 3350 ore
596 3279 830 3350 Alexandrum
850 3275 1139 3351 consalutantibus
1158 3323 1170 3357 ,
1196 3281 1233 3349 δι
1249 3279 1284 3349 in
1308 3279 1427 3350 orbem
1445 3277 1684 3377 cingentibus,
1711 3282 1778 3371 Sy·

416 3336 494 3452 lriae
505 3380 620 3473 Reges
634 3372 807 3469 &reliqui
831 3375 1107 3471 obstupuerunt,
1133 3378 1195 3446 vix
1215 3375 1389 3447 credentes
1413 3381 1547 3474 Regem
1570 3373 1693 3446 mentis
1715 3371 1780 3444 esse

416 3457 650 3567 'compotem
702 3468 804 3542 Solus
831 3472 1010 3545 Parmenio
1036 3472 1180 3569 propius
1203 3471 1364 3544 accedens
1388 3475 1522 3572 rogavit
1545 3470 1775 3552 familiariter,
1824 3501 1828 3505 ·

417 3551 510 3674 {qaid
529 3573 579 3639 ita
602 3619 612 3647 ,
635 3590 730 3663 quiam
764 3566 829 3659 ipse
856 3572 1044 3641 adoraretur
1064 3564 1105 3639 ab
1126 3564 1296 3647 omnibus,
1321 3594 1400 3641 amic
1420 3574 1571 3643 adoraret
1588 3568 1778 3659 §caseorum
1859 3559 1863 3571 '

417 3662 626 3754 7Pontrficem
648 3666 665 3737 ,ἕ
689 3668 737 3734 At
752 3662 813 3735 ille
835 3709 846 3745 ,
874 3691 933 3739 non
953 3666 1032 3737 hunc
1047 3664 1082 3755 se
1100 3663 1238 3757 adorasse
1256 3661 1456 3762 respondit,
1480 3666 1535 3756 fed
1558 3673 1632 3741 Deo
1654 3718 1665 3746 ,
1689 3663 1779 3757 cujus

416 3754 595 3866 {Pontifex
611 3758 708 3851 effer,
732 3784 801 3833 eam
820 3760 967 3836 honorem
979 3761 1177 3853 exhibuisse:
1204 3770 1300 3837 Hunc
1310 3767 1417 3850 enim,
1441 3765 1578 3861 inquit,
1601 3766 1706 3835 eadem
1746 3784 1779 3832 e·

417 3862 488 3934 'cie
502 3857 676 3954 habituque
694 3861 766 3929 vidi
778 3863 917 3952 quumin
931 3863 999 3934 Dio
1017 3864 1209 3933 Macedonia
1222 3859 1332 3951 effem,
1352 3864 1407 3957 qui
1425 3887 1496 3943 me,
1522 3865 1559 3933 de
1581 3856 1659 3950 Asta
1672 3857 1701 3947 s
1727 3855 1782 3949 ju·

416 3925 538 4053 'ganda
544 3953 767 4028 deliberantem
774 3955 858 4046 forti
874 3961 978 4030 animo
990 3956 1047 4050 effe
1059 3953 1165 4050 jaffe,
1189 3961 1231 4032 (a
1242 3958 1409 4051 finemora
1423 3962 1597 4031 exereitum
1608 3955 1778 4051 trajicere:

416 4043 420 4089 ⁸
429 4053 491 4145 [aa
509 4057 622 4148 quippe
640 4051 732 4125 runa
745 4051 912 4142 Persarum
923 4057 1055 4149 imperio
1065 4059 1251 4151 potiturum.
1302 4059 1387 4127 Haec
1401 4056 1616 4128 Parmenioni
1628 4053 1779 4134 locutus,

417 4145 478 4225 l&
495 4151 638 4221 comiter
656 4147 859 4242 complexus
877 4146 1105 4232 Pontificem,
1134 4152 1383 4224 deducentibus
1404 4150 1644 4223 Sacerdotibus
1665 4151 1701 4222 in
1719 4172 1778 4221 ur·

416 4239 707 4328 1bemascendit',
735 4242 822 4318 sacra
841 4250 920 4318 Deo
944 4246 1101 4321 fasturus.
1154 4244 1370 4343 Ostensoque
1393 4247 1547 4319 Danielis
1567 4247 1687 4327 libro,
1715 4214 1955 4341 quimffl,

417 4369 419 4393 r
435 4345 601 4416 Graecum
615 4341 788 4438 quendam
803 4337 916 4413 Persas
929 4342 1179 4415 debellaturum
1199 4346 1400 4417 vaticinatus
1415 4342 1543 4427 fuerat,
1571 4344 1609 4416 id
1622 4344 1665 4415 de
1678 4338 1710 4414 se
1724 4344 1779 4412 in·
1843 4364 1891 4409 ar.

416 4437 661 4538 lterpretatus,
686 4438 831 4537 Judaeos
848 4462 920 4512 non
928 4463 1030 4539 poena
1045 4434 1161 4515 folum
1170 4436 1343 4527 absolvit,
1367 4436 1782 4517 seduomnibuseorum

1643 4649 1648 4659 ι
1665 4529 1785 4637 postu·

1631 4787 1643 4840 f
