4667 5442
383 1543 553 1609 num,
661 1523 828 1592 XLVIII.
855 1524 973 1592 Taceo
996 1539 1116 1591 caetera
1140 1540 1274 1612 opera,
1311 1540 1392 1614 quae

383 1621 510 1697 Denique

383 1698 513 1769 immense

382 1793 398 1827 ο
415 1777 520 1831 ulenriae

406 1852 531 1928 emplum.

558 504 660 614 244
818 483 1533 601 Exrncrrnrro
1602 479 1687 577 Xl.

558 675 689 727 naturae
707 652 897 735 miraculo,
924 651 979 725 hae
1000 648 1109 724 modo
1134 649 1223 721 inter
1244 642 1307 728 se,
1336 644 1444 717 modo
1471 670 1549 719 cum
1570 644 1748 718 damnatis
1764 637 1924 719 homini·

560 749 627 822 bus
641 750 942 824 committebantur
961 776 971 821 r
999 771 1078 845 quae
1097 743 1286 845 peregrinis
1303 741 1446 839 quidem
1458 736 1703 838 spedatoribus
1717 739 1918 840 plurimum

561 847 799 919 admirationis
826 843 923 922 simul
953 867 1057 942 atque
1085 839 1319 915 delectationis
1351 838 1581 920 adferebant,
1626 836 1811 936 indigenis
1840 862 1920 910 vero

562 939 699 1041 prorsus
720 941 763 1012 ad
789 937 1043 1013 dillolutionem
1089 940 1182 1012 arriae
1202 933 1388 1032 disciplinae
1405 932 1545 1006 tendere
1562 933 1774 1006 videbantur
1795 958 1808 1007 t
1836 933 1920 1009 nihil

563 1041 656 1113 enim
684 1041 795 1135 magis
821 1040 968 1137 impium
996 966 1264 1113 exirllmabant,
1304 1055 1412 1127 quam
1435 1055 1479 1102 ex
1494 1025 1680 1127 spedandis
1706 1026 1916 1104 hominnm

563 1160 643 1206 cum
661 1132 774 1212 bestiis
794 1137 995 1232 comparatis
1009 1132 1222 1227 voluptatem
1238 1124 1413 1216 crudelem
1429 1148 1561 1224 captare
1579 1123 1769 1202 homines:
1801 1124 1919 1201 absur-

563 1231 650 1302 dum
671 1255 803 1327 aeque,
839 1232 1026 1328 peregrinis
1054 1227 1185 1299 artibus
1211 1244 1344 1296 mutare
1365 1220 1515 1294 instituta
1537 1220 1737 1295 domestica.
1793 1230 1919 1299 Parum

562 1322 639 1399 sane
660 1327 771 1399 abfuit
791 1330 876 1424 quin
907 1348 999 1399 tanta
1017 1324 1195 1397 innovatio
1219 1320 1367 1394 exitium
1389 1317 1525 1391 Herodi
1548 1316 1768 1398 arcelsrverit.
1826 1320 1915 1396 Vide

562 1417 604 1495 sis
628 1422 759 1518 Jostplr.
770 1428 881 1521 Antiq.
900 1449 949 1496 xv
964 1451 977 1495 t
991 1444 1051 1495 x1.

1451 1540 1487 1590 er
1513 1512 1706 1589 universim
1737 1515 1915 1615 Judaeam,

564 1610 742 1711 magnifica
761 1614 837 1687 sane
858 1663 868 1698 ,
898 1611 1104 1713 prorsusque
1121 1612 1340 1694 admiranda,
1369 1542 1557 1699 exllruxit3
1583 1636 1617 1686 at
1627 1636 1739 1689 tacere
1751 1638 1829 1687 non
1841 1610 1917 1712 pol'-

562 1706 638 1786 sum
656 1711 834 1809 augustum
851 1712 940 1785 illud
964 1716 1161 1784 Tamum
1183 1733 1256 1807 quo
1269 1713 1403 1783 ornavit
1415 1708 1681 1806 Hierosolymam,
1707 1717 1839 1785 octavo
1856 1711 1915 1782 de·

565 1808 657 1881 eimo
676 1810 773 1905 regni
792 1805 841 1880 sui
860 1832 974 1882 anno:
1001 1830 1114 1888 ratus,
1143 1805 1181 1877 id
1198 1804 1299 1902 quod
1317 1831 1371 1878 res
1390 1826 1483 1888 erat,
1512 1804 1584 1877 fore
1603 1805 1692 1878 illud
1713 1806 1758 1877 ad
1787 1802 1916 1905 sempi-

485 1942 490 1952 ·
562 1925 694 1976 ternam
715 1903 921 2001 posteritatis
941 1906 1145 1978 memoriam
1166 1900 1439 1990 celeberrimum,
1489 1906 1690 1976 Convocata
1716 1903 1832 2003 igitur
1852 1929 1916 2002 po·

347 2039 364 2066 .
449 2018 452 2040 ··
561 2000 639 2171 puli
660 2026 826 2075 concione
847 2002 1017 2085 monuit,
1044 1998 1224 2096 Templo,
1252 1998 1351 2097 quod
1368 2000 1515 2089 majores
1536 2022 1555 2069 e
1574 2001 1772 2095 captivitate
1798 2003 1918 2173 Belz-

577 2099 676 2170 oniea
694 2097 908 2196 postliminio
924 2091 1044 2169 reversi
1064 2094 1357 2178 instauraverant,
1386 2090 1495 2167 deesse
1522 2095 1566 2166 ad
1586 2091 1733 2193 pri-scam
1756 2095 1864 2172 altitu
1892 2101 1916 2160 '-

543 2219 643 2289 uem
668 2221 716 2267 rx
736 2194 872 2269 cubitos
893 2223 903 2268 .·
928 2215 1025 2267 tanto
1047 2194 1140 2264 enim
1152 2189 1270 2266 celsius
1279 2214 1380 2265 vetus
1397 2191 1487 2264 illud
1497 2191 1692 2265 Salomonis
1707 2190 1912 2271 aedificium:

561 2315 606 2364 ne
633 2316 677 2361 ue
699 2291 753 2365 cul
780 2293 989 2382 amalorum
1014 2288 1080 2363 hoc
1098 2283 1280 2370 accidisse,
1309 2314 1369 2387 per
1389 2312 1482 2384 quos
1500 2303 1570 2362 non
1592 2287 1721 2363 steterit
1746 2293 1840 2386 quin
1859 2318 1916 2391 par

562 2316 711 2485 prillinae
732 2317 785 2461 illi
805 2389 962 2463 structura
981 2383 1160 2460 surrexerit
1175 2412 1184 2458 t
1211 2380 1270 2456 sed
1292 2381 1484 2456 mensuram
1504 2383 1590 2457 hane
1609 2411 1629 2458 a
1641 2390 1741 2485 Cyro
1753 2388 1792 2459 &
1806 2393 1915 2462 Dario

561 2480 793 2582 praescriptam
812 2481 918 2559 fuisse.
969 2490 1072 2558 Nunc
1092 2481 1259 2579 quoniam
1281 2486 1359 2551 Deo
1370 2480 1509 2553 volente
1528 2506 1642 2555 rerum
1661 2477 1733 2579 ipse
1744 2486 1914 2582 potiatur,

562 2585 617 2653 cui
629 2583 760 2665 orium,
782 2584 925 2680 pecunia
934 2601 1092 2680 promta,
1112 2578 1226 2690 magni
1239 2577 1367 2651 reditus
1380 2573 1581 2688 suppetant,
1601 2580 1662 2663 δι,
1682 2579 1787 2749 puod
1802 2584 1916 2657 maxi.

562 2701 661 2748 mum
670 2678 727 2759 est,
740 2684 990 2759 Romanorum,
1003 2675 1095 2749 orbis
1106 2674 1519 2762 dominorum‚am1citra3
1534 2702 1555 2745 o
1583 2700 1675 2750 eram
1699 2675 1909 2763 edatumm,

563 2793 625 2852 ut,
641 2775 745 2940 puori
757 2777 923 2867 majores,
945 2770 1005 2845 sub
1031 2772 1146 2848 alieno
1162 2793 1249 2844 nutu
1262 2775 1438 2855 virentes,
1466 2797 1536 2845 non
1548 2700 1627 2847 litis
1646 2796 1911 2860 accuraverunr,

557 2864 632 2964 ‘ipse
657 2870 809 2967 uppleat,
837 2868 1060 2967 &quidquid
1070 2864 1230 2967 superest,
1256 2871 1300 2940 ad
1312 2867 1482 2942 honorem
1492 2873 1573 2955 Dei,
1601 2896 1741 2946 memor
1752 2895 1913 2973 accepto·

560 2988 640 3037 rum
659 2964 900 3042 beneficiorum
921 3012 932 3051 ,
960 2989 1053 3079 grate
1071 2990 1109 3037 ac
1130 2966 1187 3063 pie
1205 2963 1387 3064 persolvat.
1441 2972 1516 3040 Hac
1533 2969 1760 3066 taminopina
1782 2974 1912 3044 oratio·

561 3085 606 3133 ne
626 3064 764 3136 attoniti
785 3059 865 3138 sunt
882 3087 1039 3137 omnium
1054 3064 1190 3144 animi,
1228 3064 1327 3231 cpuod
1344 3061 1443 3161 supra
1471 3061 1566 3161 spem
1585 3064 1747 3163 polliceri
1766 3065 1910 3141 videbe-

559 3178 638 3231 tur:
665 3160 937 3259 verebanrurque
955 3186 998 3233 ne
1022 3161 1110 3233 forte
1129 3158 1234 3230 demo
1251 3161 1319 3232 itus
1339 3183 1438 3233 vetus
1468 3158 1652 3236 aedificium
1679 3186 1821 3237 novum
1841 3188 1910 3238 nou

433 3275 438 3282 ·
558 3251 670 3352 posset
686 3254 873 3334 absolvere.
926 3258 1033 3347 Quod
1054 3257 1114 3329 ubi
1130 3256 1370 3329 animadvertit
1391 3262 1490 3341 Rex,
1518 3258 1611 3331 bono
1625 3283 1686 3332 eos
1705 3262 1833 3334 animo
1848 3254 1910 3334 elle

556 3353 680 3443 juffit:
707 3352 903 3437 mansurum
919 3357 1011 3427 enim
1032 3377 1131 3427 vetus
1150 3374 1222 3425 tem
1249 3351 1322 3427 lum
1339 3356 1409 3427 inte
1435 3380 1532 3436 rum,
1559 3351 1668 3428 tantis
1685 3356 1913 3432 erdumom·

556 3451 617 3522 nis
634 3454 774 3525 materia
794 3473 1030 3549 comparetur,
1059 3474 1138 3548 quae
1154 3448 1200 3522 ad
1218 3378 1364 3527 suturam
1383 3377 1545 3525 salinam
1561 3382 1739 3527 necesaria
1753 3448 1810 3531 srt.
1836 3461 1912 3530 Ne·

556 3569 629 3643 que
643 3546 767 3622 fefellit
787 3546 891 3623 fidem
911 3574 922 3619 e
948 3547 1109 3619 omnibus
1127 3547 1220 3617 enim
1232 3547 1334 3621 rebus
1354 3548 1549 3622 incredibili
1572 3550 1635 3623 dili
1662 3552 1756 3624 entia
1773 3575 1911 3651 praepn·

556 3643 659 3728 ratis,
687 3643 928 3717 admirandum
948 3640 1112 3715 exstruxit
1134 3666 1251 3754 opus,
1279 3644 1378 3742 quod
1399 3644 1442 3717 ad
1461 3643 1606 3743 priscam
1623 3575 1721 3721 illam
1744 3648 1912 3724 Salomo-

506 3776 513 3787 ·
554 3741 611 3812 nis
637 3739 904 3836 amplitudinem
944 3741 982 3813 δι
1016 3763 1051 3810 m
1098 3734 1306 3813 nificentram
1346 3767 1503 3840 proxime
1541 3747 1728 3817 accederet.
1780 3740 1908 3864 ἔφη,

1701 3841 1709 3865 ,
1855 3842 1864 3854 .

554 3837 673 3932 inquit
688 3833 881 3934 Josephus‚
913 3841 969 3911 De
978 3837 1046 3910 Bel.
1091 3831 1228 3909 aalr'b.
1244 3859 1325 3910 vn.
1342 3847 1419 3935 Cap.
1443 3866 1479 3912 x.
1506 3837 1623 3910 πάντων
1641 3833 1677 3909 dr
1691 3838 1753 3924 ὃψᾷ
1771 3869 1825 3928 w
1840 3852 1909 3931 ωῇ

553 3928 768 4035 ταρᾷλέφαμιν
787 3926 1079 4037 earundem,
1100 3935 1278 4007 novamviic
1296 3963 1329 4000 re
1348 3929 1429 4003 irem
1445 3931 1497 4020 <ql
1519 3941 1673 4021 prossus,
1700 3936 1746 4005 ἔτι
1764 3940 1822 4014 riis
1844 3934 1912 4008 aad

555 4040 664 4087 ικαςον
677 4032 887 4090 renumerar-
940 4024 1025 4113 Opua
1044 4024 1181 4091 omnim
1191 4043 1256 4116 quae
1275 4026 1460 4096 audivimus
1473 4044 1530 4095 aut
1542 4030 1678 4099 vidimus
1696 4030 1908 4101 maximead-

552 4108 699 4185 miralrile
721 4133 788 4185 tam
806 4112 1017 4196 exstrullionir
1025 4139 1140 4211 genere
1158 4139 1252 4212 quam
1271 4123 1511 4213 magnitudinis,
1535 4125 1672 4221 itemque
1684 4117 1908 4211 misem

553 4207 725 4303 irfingulir
743 4206 848 4286 rebar.
898 4212 1029 4284 Eadem
1051 4212 1119 4286 fere
1137 4212 1296 4310 Josepbnr
1313 4211 1467 4291 Hebraerrr
1482 4215 1608 4293 habet:
1634 4238 1701 4325 pn
1722 4238 1826 4305 mm
1852 4216 1908 4306 sb

552 4325 643 4389 uon
680 4308 845 4392 namon
866 4304 916 4390 52
935 4319 1112 4393 :nrum
1134 4327 1216 4393 run
1234 4309 1373 4396 nemra
1393 4309 1443 4397 ¹72
1468 4334 1504 4396 u
1523 4315 1674 4408 :alen
1693 4313 1769 4401 *raa
1789 4335 1909 4403 imon

550 4420 679 4494 unm
699 4405 754 4498 nr
778 4427 814 4496 u
835 4400 947 4518 pon
966 4426 1041 4501 nro
1062 4426 1158 4497 nrm
1186 4426 1247 4506 nn
1269 4408 1395 4505 nnn
1418 4428 1552 4523 natm
1567 4433 1688 4533 rupim
1718 4433 1804 4541 pn.
1825 4412 1909 4608 ‘rap

797 4547 811 4600 l
