4667 5442
494 518 646 619 *282
792 491 1509 625 Exexci‘ratto
1578 443 1710 599 Xll.'

551 678 677 752 cunctis
699 670 830 773 semper
856 669 1000 771 spestata
1028 662 1275 773 compertaque
1305 669 1396 747 esset.
1447 678 1495 748 At
1515 672 1577 747 ille
1597 697 1715 772 quum
1740 670 1917 745 dictorum

552 776 727 847 infamiam
749 771 906 845 sustinere
926 797 996 843 non
1017 769 1150 869 posset,
1176 772 1368 869 &alioqui
1394 768 1647 868 Philosophicae
1668 773 1757 844 vitae
1775 769 1918 862 jamdu-

553 873 639 943 dum
658 896 773 944 amore
796 891 988 940 teneretur:
1015 869 1131 940 tenua
1151 866 1304 942 Ecclesiae
1323 869 1448 965 plebe,
1475 872 1510 941 in
1521 868 1712 942 solitudine
1740 893 1781 940 ac
1800 866 1915 939 deviis

555 969 642 1065 agris
665 968 835 1064 plurimos
855 990 962 1036 annos
985 965 1140 1038 delituit.
1189 971 1317 1037 verum
1343 990 1488 1064 magnus
1508 965 1568 1038 ille
1593 963 1749 1063 Justitiae
1772 964 1912 1045 oculus,

553 1064 607 1136 his
620 1066 793 1160 paradis,
823 1063 965 1157 minime
994 1057 1237 1159 quiescendum
1269 1066 1420 1159 putauit,
1467 1063 1536 1135 Sed
1559 1059 1743 1133 confestim
1781 1062 1914 1159 impios

525 1162 635 1232 ‘illos
655 1162 698 1232 iis
719 1156 798 1257 ipsis
827 1158 922 1229 ultus
944 1156 1116 1239 eliditis,
1140 1158 1267 1255 quibus
1292 1161 1325 1230 in
1354 1155 1459 1231 semet
1492 1154 1585 1256 ipsos
1612 1159 1819 1254 pejerantes
1850 1152 1913 1230 sese

554 1258 777 1328 devoverant.
829 1257 963 1328 Primus
982 1256 1087 1351 igitur
1105 1301 1116 1335 ,
1145 1280 1227 1327 cunr
1245 1256 1381 1327 modica
1396 1255 1557 1351 quaedam
1568 1249 1718 1327 scintilla
1734 1258 1773 1328 iu
1790 1254 1912 1335 domo,

554 1355 590 1426 in
612 1378 682 1449 qua
701 1351 886 1430 manebat,
914 1353 996 1421 citra
1012 1351 1121 1421 ullam
1140 1346 1286 1422 caussam
1300 1347 1413 1423 subito
1429 1346 1617 1432 exsiliisset,
1646 1356 1757 1423 noctu
1770 1347 1913 1425 incensis

555 1451 688 1523 aedibus
711 1473 789 1521 cum
807 1442 961 1518 universa
980 1446 1110 1518 familia
1127 1446 1365 1544 conflagravit.
1411 1448 1524 1520 Alteri
1536 1470 1659 1543 corpus
1678 1448 1726 1520 ab
1750 1449 1842 1521 imis
1859 1472 1914 1545 pe·

554 1546 658 1618 dibus
672 1544 715 1614 ad
735 1541 906 1615 summum
923 1537 1031 1639 usque
1051 1545 1170 1639 capitis
1187 1545 1376 1626 verticem,
1405 1569 1452 1614 eo
1469 1544 1582 1615 morbi
1598 1565 1728 1640 genere
1749 1590 1760 1626 ,
1795 1540 1913 1643 quose

555 1637 627 1740 ipse
652 1639 897 1719 muldauerar,
934 1660 1131 1735 correptum
1150 1639 1213 1712 est..
1260 1644 1402 1712 Tertius
1420 1642 1577 1736 priorum
1601 1636 1698 1712 casus
1719 1644 1912 1723 contuitus,

561 1739 792 1832 omniumque
809 1732 1004 1830 inspettoris
1025 1737 1096 1805 Dei
1113 1739 1242 1808 ueritus
1266 1737 1501 1810 inevitabilem
1527 1736 1741 1820 vindistam,
1771 1741 1913 1813 conciu-

556 1856 646 1906 natae
665 1832 709 1906 ab
731 1829 808 1930 ipsis
827 1857 871 1905 ex
899 1836 1080 1928 compacto
1094 1832 1279 1905 calumniae·
1300 1834 1461 1906 ordinem:
1480 1831 1528 1905 est
1554 1826 1738 1907 confessus.
1794 1837 1915 1907 Tantis

555 1955 661 2029 porro
677 1929 839 2001 lamentis.
855 1928 903 2000 ob·
942 1929 1159 2001 senitentiam
1178 1925 1337 2001 sastisese:
1353 1930 1527 2011 confecit,
1551 1930 1793 2013 &intantum
1805 1932 1913 2029 lacry-

557 2052 636 2099 mas
652 2020 822 2097 effundere
838 2050 882 2123 pe
915 2025 1086 2106 everoit,
1113 2048 1158 2097 ut
1171 2050 1215 2099 ex
1234 2051 1281 2098 eo
1300 2027 1486 2100 oculorum
1502 2026 1621 2099 lumen
1638 2028 1838 2102 amitteret.
1876 2032 1914 2099 Et

557 2121 595 2195 hi
609 2123 752 2220 quidem
771 2122 953 2196 calumniae·
968 2117 1038 2194 suae·
1059 2118 1231 2212 ejusmodi
1249 2149 1366 2221 poenas
1391 2123 1571 2196 dederunt.
1624 2127 1816 2198 Caetetum
1839 2124 1911 2223 poll

557 2220 701 2294 Narcissi
726 2218 842 2317 fitgam
863 2264 877 2301 ,
901 2220 1028 2315 ignaris
1047 2220 1210 2291 omnibus
1236 2268 1246 2302 ,
1275 2221 1416 2293 ubinam
1437 2220 1595 2317 gentium
1619 2242 1773 2317 ageret,
1804 2219 1913 2298 visum

558 2314 607 2390 est
624 2312 847 2388 finitimarum
869 2310 1090 2389 Ecclefiarum
1109 2311 1289 2413 Episcopis
1313 2363 1323 2399 ,
1360 2317 1468 2389 alium
1490 2316 1562 2406 ejus
1584 2315 1664 2389 loco
1691 2313 1910 2419 Episcopum

557 2413 713 2486 ordinare
724 2458 740 2495 ,.
764 2415 872 2484 Dium
886 2415 1045 2486 nomine.
1093 2414 1260 2500 Quicum
1270 2413 1411 2486 modico
1429 2435 1584 2509 tempore
1601 2409 1818 2510 praefuisset,
1845 2415 1912 2491 suc·

558 2505 665 2583 celsos
684 2510 716 2579 ei
734 2510 837 2581 datus
853 2508 903 2582 esi
912 2510 1131 2581 Germanioe
1154 2533 1261 2605 quem
1279 2508 1403 2580 deinde
1416 2510 1571 2581 Gordius
1587 2535 1670 2583 exce
1699 2512 1740 2586 it.
1802 2515 1911 2602 Hujus

558 2606 775 2702 temporibus
792 2602 965 2680 Narcissus
985 2652 1000 2687 ,.
1023 2630 1103 2677 cum
1123 2600 1243 2677 subito·
1261 2600 1356 2703 quali
1375 2606 1555 2678 redivivus·
1570 2533 1782 2692 emersisset,
1811 2636 1833 2684 a
1852 2610 1911 2684 sra-

558 2701 690 2783 tnbus,
717 2723 761 2772 ut
776 2698 931 2774 Ecclesiae
946 2699 1273 2774 administrationem
1297 2701 1414 2774 denuo
1434 2698 1641 2799 susciperet,
1681 2729 1835 2805 rogatus
1857 2706 1909 2780 esi.

558 2797 699 2893 Quippe
716 2794 860 2869 uniuersi
886 2796 1001 2869 multo
1022 2798 1132 2894 magis
1163 2820 1245 2872 tunc
1265 2824 1345 2869 eum
1366 2799 1599 2873 mirabantur:
1632 2824 1712 2877 tum
1733 2803 1789 2875 ob
1814 2800 1919 2878 seces‘

557 2888 660 2972 sum,
687 2915 763 2965 tum
787 2892 833 2963 ob
853 2890 1129 2990 philosophicam
1153 2894 1295 2966 vivendi
1322 2896 1493 2968 rationem
1509 2923 1523 2967 :.
1555 2899 1708 2970 maxime
1745 2925 1840 2975 vero
1869 2900 1908 2973 ob

556 2982 759 3087 praesentem
778 2991 963 3061 vindiciam
977 3035 994 3069 ,
1017 3014 1088 3087 qua
1113 2994 1216 3063 Deus
1231 2990 1491 3066 calumniatores
1518 2993 1614 3067 illius
1635 2996 1777 3069 afficere
1798 2999 1927 3098 digna.

556 3107 613 3159 tus
633 3084 757 3158 fuerat.
780 3083 895 3185 Eusebt
914 3084 1001 3167 mla.
1032 3086 1446 3185 Hb2v1.Cap.x:x1.
1489 3093 1638 3163 ¹Horum
1668 3094 1827 3189 quidem
1851 3117 1911 3194 ego

557 3184 717 3255 omnium
730 3178 835 3256 fidem
858 3181 1011 3282 praestare
1030 3209 1101 3256 non
1120 3180 1252 3259 ausim:
1274 3208 1309 3257 at
1327 3181 1460 3259 silentio
1485 3183 1748 3263 transmittenda
1769 3217 1845 3266 non
1864 3194 1911 3263 vi·

503 3319 505 3324 ·
557 3280 726 3353 debentur
743 3282 963 3376 fferololyma
985 3279 1161 3355 historiam
1193 3286 1340 3357 texenti,
1387 3287 1556 3357 Batonius
1574 3285 1676 3358 refert
1706 3286 1756 3359 ad
1776 3295 1911 3365 Annum

558 3379 676 3452 Seueri
690 3382 747 3459 V,
777 3375 907 3450 Christi
931 3404 1067 3451 cxcix..

377 3489 539 3556 xxacon·
655 3478 760 3547 XXI.
788 3479 836 3546 At
854 3474 989 3546 dudum
1006 3474 1112 3573 gestit
1121 3478 1257 3548 animus
1274 3475 1525 3573 fferofiasymam
1541 3479 1682 3563 videre,
1711 3485 1770 3557 uti
1792 3482 1910 3558 instau-

276 3629 278 3643 ,
368 3569 504 3644 flantem
556 3593 628 3645 rata
645 3616 660 3651 ,
684 3572 722 3640 ὃς
738 3568 929 3642 Christiano
938 3565 1090 3739 fprorsus„
1101 3570 1211 3642 cultui
1233 3572 1365 3655 dicata,
1394 3580 1744 3652 acousrnurruo
1771 3585 1830 3657 M.
1851 3578 1903 3653 esi.

371 3639 531 3789 &sisisc-
557 3672 675 3778 ,itque
694 3662 750 3737 hic
773 3690 914 3738 omnem
954 3691 1034 3737 uam
1052 3666 1287 3762 eloquentiam
1299 3668 1463 3745 Eusebius
1483 3670 1655 3755 exhausit,
1684 3696 1726 3748 ut
1739 3676 1911 3752 Constat·

372 3802 502 3874 mm„
557 3765 620 3836 tini
640 3762 677 3834 in
696 3758 759 3832 hac
778 3761 868 3833 urbe·
887 3762 1083 3835 exornanda
1101 3765 1286 3858 pietatem,
1314 3766 1584 3852 liberalitatem,
1604 3792 1783 3869 tantoque
1796 3782 1907 3873 Impe-

375 3871 489 3962 Domiai
556 3881 667 3931 tatore
690 3857 831 3954 dignam
852 3854 1141 3957 magnificentiam
1153 3858 1303 3956 quaesitis
1323 3864 1447 3963 elogiis
1459 3868 1674 3964 praedicaret..
1694 3873 1710 3888 ⁶
1722 3873 1809 3969 Ego
1823 3865 1908 3944 sum·

369 3942 518 4097 daupi
557 3980 613 4027 ma
633 3975 766 4025 tantum
785 3949 905 4049 sequar
922 3954 1050 4053 fastigia
1061 3980 1187 4029 rerum.
1240 3954 1369 4033 Asserta
1379 3965 1416 4033 in
1428 3965 1590 4038 Concilio
1603 3965 1759 4038 Nicaeno
1779 3965 1909 4042 Ortho-

375 4042 533 4159 mm'f
557 4051 650 4123 doxa
665 4052 707 4121 de
719 4048 857 4122 Christo
877 4046 962 4133 fide,
989 4053 1185 4125 Dominicae
1204 4051 1455 4132 resurrectionis
1476 4060 1627 4142 locum,
1649 4064 1907 4167 quiHierosoba

372 4182 462 4256 pm,
556 4152 613 4224 mis
634 4147 697 4229 est,
726 4144 892 4219 illustrem
910 4173 948 4222 ac
963 4149 1198 4223 uenerabilem
1215 4158 1342 4227 curuis
1372 4157 1584 4231 mortalibus.
1607 4158 1779 4245 efficere,
1810 4162 1909 4236 officii

558 4242 620 4316 esse
638 4240 688 4315 sui
704 4245 784 4340 pius
807 4251 997 4342 Imperator
1014 4244 1133 4322 duxirr
1154 4339 1159 4345 ¹
1181 4254 1270 4323 Ante
1290 4254 1406 4325 omnia
1426 4256 1543 4351 itaque
1564 4256 1740 4329 removeri
1763 4260 1906 4338 curavit,

555 4365 635 4438 quae
650 4341 837 4438 gentilium
852 4345 1011 4443 impietas
1028 4346 1241 4444 profanando
1262 4352 1410 4421 Domini
1424 4346 1581 4449 sepulcro
1603 4350 1776 4429 struxerat
1796 4357 1908 4430 altaria

554 4464 593 4516 ac
613 4434 817 4519 simulacta:
843 4462 936 4519 ratus
954 4467 1030 4518 eam
1044 4446 1197 4523 maxime
1217 4439 1285 4521 soli
1297 4469 1464 4547 partem,
1487 4473 1596 4546 quam
1621 4446 1815 4527 adversarii
1836 4477 1908 4529 con·

1744 4542 1912 4629 mms.
