4667 5442
557 482 634 577 Du
670 483 812 577 Vtra
847 484 1113 599 Jonnurvrs
1151 483 1434 580 bnerrs'rn.
1598 509 1721 615 4'15‘

350 641 415 731 srt3
442 641 616 744 Johannes
629 667 743 717 autem
761 670 831 716 non
853 639 915 716 nisr
933 642 1049 725 Echo,
1077 645 1279 743 repercussio
1297 644 1392 719 illius
1405 644 1576 722 clamoris.
1590 652 1698 729 Conf.

352 738 439 815 vers.
452 747 487 816 6.
539 748 583 815 ln
612 768 813 834 upsanro:
841 764 912 814 tam
931 740 1071 825 literali,
1097 768 1203 841 quarn
1217 740 1371 837 mystico,
1396 745 1447 815 uti
1468 768 1575 842 nuper
1598 744 1701 824 fusius

354 838 402 913 esl
425 834 629 936 expositum.
682 850 805 913 Pacate
819 844 910 912 viam
930 842 1096 921 Domino,
1120 844 1163 915 Θ
1182 834 1350 927 reslcficate
1368 843 1404 911 in
1416 840 1586 927 silitudine
1606 868 1701 939 agge.

353 961 421 1010 rem
442 942 514 1010 Deo
544 935 653 1020 nostro.
704 938 758 1011 Ut
788 938 910 1035 populi
932 932 1018 1033 saepe
1045 937 1207 1026 jubentur
1223 938 1390 1033 ptaeconis
1409 961 1516 1018 voce,
1540 941 1698 1038 Regibus

354 1035 393 1104 δι
410 1034 623 1130 Principibus
639 1035 760 1106 urbem
771 1036 924 1131 aliquam
944 1059 1021 1107 curn
1039 1060 1169 1130 pompa
1190 1028 1392 1132 ingressuris,
1413 1058 1601 1131 praeparare
1610 1038 1697 1122 vias,

354 1128 571 1227 complanare
592 1126 755 1212 semitas,
783 1126 917 1228 aspera,
942 1127 1109 1212 sordida,
1130 1131 1288 1204 indecora
1310 1155 1514 1221 removere:
1541 1133 1589 1204 ita
1609 1157 1701 1228 praei

355 1228 451 1299 conis
466 1229 540 1309 vice
563 1226 695 1300 miuus
718 1228 765 1302 est
783 1228 982 1327 Johannes,
1004 1225 1168 1302 tstaeliras
1194 1248 1321 1323 quanta
1337 1229 1455 1323 potuit
1476 1231 1699 1303 contentione

355 1322 460 1395 officii
480 1319 530 1395 sui
552 1326 883 1406 commonefaciens,
911 1347 949 1397 ut
971 1325 1168 1398 adventanti
1186 1326 1316 1396 Melliae
1334 1325 1408 1395 vias
1426 1324 1698 1422 complanarent,

353 1420 483 1515 quibus
501 1422 537 1492 in
558 1421 650 1493 aedes
667 1419 817 1519 ipsorum
835 1417 1035 1518 animosque
1056 1417 1164 1517 pollet
1184 1420 1299 1501 illabi,
1325 1421 1437 1493 immo
1455 1426 1493 1495 δι
1515 1422 1618 1496 corda
1636 1445 1699 1519 pet

352 1519 593 1612 poenitentiam
609 1522 705 1590 omni
723 1519 845 1591 illuvie
872 1539 1125 1615 expurgarent,
1154 1542 1234 1613 quae
1259 1519 1439 1590 introitum
1455 1516 1549 1591 illius
1567 1517 1625 1592 vel
1643 1542 1698 1590 ar-

353 1635 429 1684 cere
447 1612 505 1685 vel
522 1617 647 1686 morari
663 1611 786 1711 pollet.
811 1616 943 1688 Merito
965 1617 1083 1713 itaque
1099 1610 1158 1687 fibi
1172 1615 1338 1713 applicuit
1350 1613 1524 1712 Johannes
1546 1613 1584 1690 id
1597 1611 1695 1712 quod

351 1732 471 1781 revera
490 1709 656 1805 praestitit.

449 1809 548 1879 LIV.
574 1807 754 1881 Prolixum
777 1803 877 1893 esset,
905 1812 942 1884 δε
960 1810 1003 1883 ab
1020 1810 1174 1885 instituto
1193 1806 1308 1883 nostro
1328 1807 1479 1883 alienum
1494 1811 1544 1885 ire
1555 1805 1777 1909 peusin-mv,
1793 1836 1874 1899 sm.

349 1896 434 1998 gula
456 1901 618 1977 dourinae
632 1902 800 2003 Johannis
818 1911 926 2005 capita
944 1935 955 1994 3
981 1902 1167 1981 observasse
1186 1902 1374 1988 suffecerit,
1401 1907 1747 2005 praecipuamoffi·ma
1761 1917 1861 1975 doecre·

351 1998 397 2070 cii
414 1993 516 2094 ipsius
538 2023 670 2099 partem
692 2004 781 2074 ineo
802 2000 981 2078 constitisse
1000 2051 1011 2087 ,
1039 2027 1078 2078 ut
1096 2005 1296 2102 praedicaret
1320 2002 1562 2100 refipiscensiam
1581 2010 1622 2078 ad
1639 2014 1741 2084 rest?
1753 1990 1862 2069 John»-

349 2095 514 2189 miffioncm
527 2117 745 2193 peccatorum,
771 2103 807 2171 &
825 2102 998 2174 auditores
1016 2097 1096 2175 suos
1110 2100 1302 2174 hortaretur
1319 2101 1363 2171 ad
1380 2101 1588 2196 receptionem
1602 2104 1691 2195 regni
1700 2073 1872 2206 :2³42ss

348 2193 518 2277 calorum,
544 2194 642 2292 quod
656 2195 724 2284 jam
737 2222 807 2291 prae
830 2198 962 2271 foribus
983 2221 1074 2280 erat,
1103 2202 1139 2271 δι
1157 2199 1308 2295 denique
1319 2194 1500 2279 monstraret
1512 2196 1691 2293 presentem
1701 2235 1799 2299 mg„
1818 2217 1873 2296 aff

349 2290 503 2383 Meffiam,
513 2295 740 2389 omniumque
751 2294 795 2365 ad
805 2320 883 2367 eum
897 2298 1031 2368 animos
1044 2317 1269 2368 converteret.
1308 2300 1442 2365 Omnes
1455 2292 1523 2367 sere
1537 2298 1598 2390 qui
1610 2317 1691 2369 tunc
1700 2300 1837 2381 crepante.

348 2407 446 2457 etant
464 2388 642 2485 religionis
657 2394 846 2473 Dostores,
874 2394 916 2464 de
928 2393 1030 2475 cibo,
1057 2414 1166 2488 potu,
1192 2390 1406 2471 lotionibus,
1422 2392 1606 2485 primitiis,
1630 2391 1694 2464 de-

348 2483 469 2565 cimis,
495 2482 684 2567 sacrificiis,
713 2491 750 2563 &
770 2487 807 2559 id
823 2512 932 2587 genus
947 2491 1096 2564 externis
1113 2488 1237 2562 ritibus
1250 2484 1507 2586 disceptabant3
1532 2486 1616 2561 haut
1629 2488 1701 2561 alin

348 2598 402 2652 ter
419 2605 456 2652 ac
480 2575 504 2652 fi
524 2585 633 2654 totius
649 2582 828 2682 religionis
858 2611 979 2683 prora,
1008 2586 1106 2683 quod
1128 2587 1250 2676 ajunt,
1276 2588 1314 2659 bc
1334 2586 1461 2753 puppis
1479 2587 1515 2659 in
1533 2588 1694 2659 minutiis

347 2674 419 2748 illis
433 2672 507 2776 litae
529 2679 661 2753 forent:
687 2705 799 2752 immo
817 2682 994 2755 clarissima
1014 2684 1180 2757 Numinis
1195 2704 1363 2780 praecepta
1388 2685 1441 2753 uis
1457 2677 1695 2778 saepenumero

346 2775 462 2870 pravis
484 2778 820 2872 interpretationibus
830 2780 1056 2862 enervabant,
1084 2801 1143 2853 aut
1161 2776 1320 2851 humanis
1338 2804 1376 2853 ac
1393 2775 1618 2876 hypocritiois
1639 2781 1695 2852 in·

349 2868 477 2944 stitutis
508 2875 793 2971 corrumpebant:
822 2878 1031 2974 interimque
1059 2873 1326 2976 superbiebant,
1353 2877 1526 2971 arroganti
1544 2879 1694 2974 proptiae

343 2965 482 3057 justitiae
500 2971 663 3067 opinione
679 2995 805 3045 temere
825 2974 946 3046 inflati.
972 2973 1147 3075 Johannes
1160 2995 1278 3046 autem
1290 2971 1396 3070 longe
1406 2975 1506 3046 aliter
1517 2973 1696 3046 instituens

344 3062 390 3136 ab
410 3068 560 3139 externis
582 3067 626 3138 ad
644 3071 820 3151 animum,
848 3097 868 3143 a
887 3072 1175 3144 ceremonialibus
1200 3072 1244 3140 ad
1263 3072 1408 3144 moralia
1428 3116 1441 3152 ,
1469 3069 1513 3140 ab
1537 3066 1699 3144 humanis

342 3159 507 3236 institutis
528 3166 573 3236 ad
586 3167 713 3237 Divina
725 3167 906 3248 mandata,
932 3163 1340 3264 asuperbapersedionis
1377 3166 1561 3238 loriatione
1574 3166 1619 3236 ad
1630 3164 1698 3236 hu-

343 3259 468 3331 milem
484 3282 701 3357 peccatorum
729 3262 973 3336 consessionem
994 3308 1005 3344 ,
1043 3266 1081 3335 δι
1100 3256 1335 3355 resipiscentiae
1352 3188 1502 3334 dudium
1522 3262 1699 3333 auditores

343 3351 427 3429 suos
446 3358 616 3430 avocavit.
665 3358 895 3431 Hebraeorum
915 3357 1065 3456 magistri
1076 3363 1166 3430 Tem
1193 3357 1231 3428 lo
1246 3351 1330 3439 suo,
1358 3354 1521 3453 illiusque
1539 3352 1694 3453 superbis

342 3448 667 3535 substrudlionibus,
695 3458 892 3527 &externo
909 3477 1097 3552 apparatu,
1125 3382 1279 3527 insanum
1300 3455 1335 3526 in
1355 3453 1502 3527 modum
1520 3448 1554 3524 sc
1575 3446 1695 3557 efferef

342 3549 438 3623 bant.
486 3548 661 3651 Johannes
689 3552 812 3650 procul
837 3545 1130 3652 Hierosolymis,
1164 3554 1201 3624 in
1227 3576 1375 3635 eremo,
1402 3574 1532 3647 regnem
1548 3550 1696 3631 colorum

341 3647 562 3744 praedicavit,
589 3647 657 3722 hoc
670 3650 736 3731 est,
765 3649 956 3725 feliciorem
968 3646 1122 3727 Ecclesiae
1130 3648 1276 3732 statum,
1303 3644 1365 3721 sub
1381 3646 1696 3746 Mcslraeimperi03

343 3768 406 3843 per
424 3746 651 3844 Evangelium
663 3746 922 3847 patefaciendo,
949 3750 987 3823 δι
1004 3773 1065 3845 per
1083 3743 1304 3847 quascunque
1313 3766 1456 3846 gentas,
1482 3745 1606 3820 aSolis
1615 3766 1696 3819 ortu

343 3842 390 3915 ad
401 3837 608 3939 Hesperium
621 3847 760 3928 cubile,
786 3845 893 3946 longe
906 3846 1045 3944 lateque
1054 3847 1292 3945 propagando.
1349 3841 1459 3938 Quod
1467 3866 1612 3942 regnum
1623 3845 1696 3916 ori·

343 3940 456 4036 gine,
484 3938 615 4023 sonna,
636 3939 733 4025 fine,
760 3945 907 4018 celorum
924 3968 1051 4039 regnum
1072 3942 1144 4017 est:
1174 3936 1464 4014 diversrffimuma
1480 3960 1695 4039 quatucrma·

336 4041 412 4132 gnie
430 4037 492 4109 iun
510 4043 657 4135 Imperiti
675 4041 970 4114 Nebucadnetzari
990 4043 1027 4112 &
1053 4039 1192 4113 Danieli
1214 4039 1414 4112 memoratis
1434 4082 1446 4121 ,
1473 4060 1598 4136 magna
1618 4037 1695 4135 ple-

342 4157 492 4230 rumque
509 4136 709 4209 crudelitate
723 4140 759 4209 &
774 4137 935 4227 injustitia
954 4138 1235 4218 dominantibus,
1263 4136 1354 4207 &ad
1365 4135 1614 4233 oppressionem
1626 4160 1695 4233 po·

340 4229 419 4329 puli
439 4232 520 4305 Dei.
571 4230 753 4307 Diversum
770 4237 856 4307 item
876 4260 896 4307 a
918 4257 1012 4328 regno
1033 4239 1103 4309 Dcc'
1120 4232 1220 4333 quod
1239 4231 1324 4304 olim
1341 4229 1402 4304 sub
1427 4235 1613 4306 Oeconomia
1634 4230 1696 4306 Te-

334 4326 488 4415 stamenti
506 4328 632 4404 Veteris
642 4331 679 4403 in
698 4331 833 4430 populo
852 4327 1037 4405 Isra'c'litico
1054 4330 1186 4406 habuit.
1239 4331 1378 4430 Quippe
1398 4330 1496 4427 quod
1514 4327 1696 4403 tuncCisi·

340 4427 374 4505 le
395 4447 487 4518 stet,
513 4426 616 4503 unius
632 4430 757 4531 populi
779 4431 915 4531 genio,
944 4432 981 4509 δι
999 4450 1097 4511 terra
1115 4430 1153 4505 in
1183 4450 1253 4528 qua
1270 4426 1424 4530 populus
1441 4424 1504 4538 ille
1518 4423 1696 4593 babitalphat

407 4555 413 4590 2
1571 4542 1638 4598 con
1676 4556 1695 4607 ς
