4667 5442
592 507 690 628 258
853 417 1567 594 Exeucrratro
1637 494 1725 589 XI.

480 702 487 710 ·
596 660 719 736 dolore
741 657 1026 747 discruciabatur3
1051 632 1197 758 propere
1211 659 1318 756 igitur
1338 656 1448 731 relato
1473 660 1509 731 in
1532 658 1661 756 regiam
1685 679 1808 730 rumor
1832 646 1965 753 sparsus

600 759 648 836 est
663 761 760 834 brevi
779 755 842 832 elle
873 761 1105 844 moriturum3
1130 756 1358 854 quamobrem
1391 754 1567 830 confestim
1585 776 1680 827 totus
1704 752 1871 852 populus
1895 775 1962 826 una

602 881 683 932 cum
702 858 870 931 uxoribus
892 878 997 954 atque
1015 851 1134 930 liberis
1150 850 1282 928 saecum
1302 853 1445 926 indutus
1465 878 1562 926 more
1576 853 1709 949 patrio,
1738 848 1962 950 supplicabat

602 958 684 1028 Deo
702 980 767 1053 pro
787 950 893 1027 salute
911 955 1037 1052 regia,
1065 954 1183 1024 omnia
1199 945 1341 1022 miscens
1370 950 1530 1022 lamentis
1557 951 1596 1023 bc
1623 947 1830 1037 ejulatibus.
1883 950 1961 1021 Rex

604 1073 719 1125 autem
739 1053 776 1124 in
803 1047 940 1126 telsrore
958 1049 1167 1123 decumbens
1195 1045 1387 1129 cubiculo,
1425 1048 1462 1120 &
1493 1048 1529 1118 in
1549 1044 1669 1120 faciem
1696 1044 1824 1119 stratos
1859 1041 1961 1118 humi

603 1144 840 1248 prospiciens,
868 1172 938 1220 non
964 1146 1178 1242 temperabat
1200 1139 1295 1214 srbia
1315 1141 1489 1241 lacrymiS.
1542 1144 1706 1215 Cruciatu
1735 1139 1873 1215 deinde
1902 1166 1962 1239 per

605 1248 788 1321 continuos
803 1246 965 1342 quinque
988 1242 1062 1314 dies
1077 1241 1165 1314 nihil
1182 1236 1215 1313 se
1234 1242 1430 1312 remittente
1450 1238 1622 1314 confectus
1634 1240 1744 1311 vitam
1757 1233 1878 1322 finiit,
1905 1263 1964 1312 an·

604 1366 690 1415 num
707 1364 808 1414 natus
826 1362 989 1437 quartum
1005 1334 1103 1437 supra
1122 1331 1459 1436 quinquagefimum.
1509 1335 1694 1432 Postquam
1706 1357 1831 1409 autem
1843 1336 1965 1435 cogni-

603 1460 682 1513 tum
703 1438 749 1511 est
771 1431 935 1509 excelirlle
958 1438 1148 1534 Agrippam
1175 1480 1186 1515 ,
1215 1429 1437 1507 Caesarienses
1459 1434 1497 1505 &
1517 1430 1689 1506 sebasteni
1708 1427 1965 1507 beneficiorum

606 1537 680 1625 ejus
701 1532 825 1615 obliti,
853 1532 1030 1629 peffimam
1049 1534 1081 1604 ei
1098 1530 1286 1604 retulerunt
1304 1525 1470 1630 gratiam,
1498 1530 1654 1603 convicia
1666 1553 1737 1603 non
1754 1527 1912 1604 dicenda
1922 1530 1968 1621 ja·

606 1637 735 1704 stantes
747 1632 784 1701 in
798 1629 1007 1701 defunctum.
1058 1627 1219 1700 Militum
1235 1651 1380 1725 quoque
1400 1625 1529 1725 vulgus
1565 1628 1600 1698 ui
1614 1624 1792 1699 tumforte
1805 1627 1963 1706 aderant,

607 1731 794 1826 protractas
818 1751 836 1797 e
856 1723 986 1823 palatio
1006 1719 1153 1798 filiarum
1174 1723 1297 1797 statuas
1318 1726 1527 1797 unanimiter
1539 1651 1745 1797 detulerunt
1759 1724 1799 1795 iu
1822 1723 1967 1821 lupana-

607 1826 681 1906 ria,
708 1818 824 1919 eisque
841 1844 881 1895 ut
927 1842 1060 1895 oterant
1071 1820 1289 1903 illudebant,
1316 1819 1432 1893 modis
1454 1843 1545 1919 quos
1564 1840 1664 1918 turpe
1685 1815 1724 1892 srt
1737 1818 1891 1932 eloqui:
1918 1822 1968 1892 in·

607 1916 806 2019 structisque
822 1943 883 2015 per
900 1848 979 1993 loca
994 1918 1134 2017 publica
1154 1918 1266 2088 epulis
1283 1919 1443 1993 convivia
1467 1917 1683 1991 celebrabant
1705 1941 1853 1990 cororus
1879 1917 1968 1992 rodi·

608 2019 688 2093 miti
699 2020 735 2088 &
752 2016 898 2090 delibuti
911 2016 1123 2113 unguentis,
1150 2013 1177 2088 li
1202 2036 1297 2090 antes
1315 2015 1454 2087 interim
1468 2013 1661 2098 charonti,
1688 2009 1802 2087 &fibi
1815 2015 1967 2092 invicem

432 2256 565 2323 mm·
611 2111 1966 2308 Propillllllllisslilidldlpilo'rrciudbiuiiililltdlulibilipcsinrlegliibblitllicebanu,

431 2335 570 2401 Pratum
615 2310 743 2382 Romae
770 2328 840 2382 erat
863 2332 907 2379 eo
929 2330 1110 2406 tempore,
1137 2307 1412 2403 educabaturque
1438 2309 1531 2406 apud
1565 2305 1756 2380 Claudium
1776 2301 1967 2381 Caesarem.

433 2412 555 2505 Agrippa
617 2406 690 2496 Qui
705 2403 827 2478 audito
852 2405 1017 2503 Agrippae
1038 2405 1166 2488 obitu,
1201 2405 1238 2478 δι
1258 2401 1477 2477 contumeliis
1494 2402 1624 2502 qtfflus
1644 2427 1723 2477 eum
1742 2398 1971 2478 Caesarienses

433 2488 565 2636 {3⁶:⁸⁰3ss
617 2528 655 2577 ac
678 2499 850 2578 Sebasteni
867 2500 945 2600 post
972 2522 1124 2574 mortem
1145 2495 1352 2582 affecerant,
1378 2498 1473 2575 illius
1501 2501 1647 2601 quidem
1674 2494 1774 2575 causa
1800 2501 1968 2583 indoluit,

429 2589 500 2720 ,552¹
514 2586 606 2718 (ζμ,
617 2602 759 2711 ingratis
775 2615 891 2672 autem
908 2597 1051 2697 populis
1069 2596 1291 2673 vehementer
1313 2599 1420 2672 iratus
1446 2598 1506 2673 est.
1556 2595 1751 2672 Confestim
1776 2600 1894 2698 igitur
1912 2622 1971 2673 vo-

435 2681 606 2778 ua'radum
619 2690 920 2808 lurtusucceiiorem
942 2697 1075 2791 paterni
1095 2696 1193 2795 regni
1215 2697 1407 2795 Agrippam
1426 2698 1598 2786 juniorem
1617 2698 1782 2779 mittere,
1810 2691 1919 2776 fimul
1937 2716 1971 2768 ut

436 2788 1062 2903 JudeaePn-Juruurando·satisfaceret.
1113 2792 1182 2864 Sed
1197 2791 1314 2867 liberti
1333 2795 1490 2869 &amici
1513 2798 1576 2893 qui
1592 2793 1746 2867 multum
1770 2818 1791 2865 a
1818 2794 1875 2867 ud
1898 2817 1971 2868 eum

436 2882 1972 3082 ftarn{Aeternarumtresenreuter

438 3025 586 3091 cmm
618 3081 792 3160 nistrando
811 3008 851 3195 lit
869 3086 1010 3179 impar,
1048 3032 1217 3183 quodque
1247 3088 1351 3160 etiam
1376 3011 1495 3160 indes
1509 3110 1651 3187 gravare
1672 3036 1776 3185 poslit
1793 3085 1970 3163 humeros.

620 3185 787 3278 Cumque
803 3175 866 3253 vrsr
888 3178 991 3253 allent
1012 3206 1154 3280 aequum
1170 3183 1305 3267 dicere,
1334 3180 1449 3259 Caesar
1461 3183 1638 3282 praelrdem
1649 3183 1783 3353 {udaeae
1795 3181 1971 3284 totiusque

618 3279 718 3378 regni
737 3272 827 3351 misrt
845 3277 988 3375 Cuspirnn
1011 3284 1156 3354 Fadum:
1182 3279 1342 3354 defuncto
1359 3279 1428 3356 hoc
1450 3280 1592 3356 honoris
1612 3283 1655 3353 tri
1683 3304 1790 3365 uens,
1817 3307 1866 3356 ne
1883 3287 1972 3356 Mar·

619 3371 697 3451 sum
712 3376 894 3449 inimicum
912 3378 951 3448 in
972 3401 1118 3477 regnum
1135 3379 1208 3469 ejus
1226 3376 1416 3462 induceret.
1467 3382 1537 3455 Hic
1548 3402 1639 3453 v111
1655 3386 1890 3463 Procurator,
1915 3384 1937 3482 J
1956 3417 1972 3438 ·

620 3473 731 3546 daeam
751 3497 771 3543 a
790 3472 979 3548 latrociniis
1003 3476 1166 3572 purgavit
1187 3520 1199 3556 ,
1233 3473 1396 3551 'llrendam
1416 3474 1699 3578 praestigiatorem
1718 3521 1742 3560 ,-
1759 3477 1828 3574 qui
1846 3473 1883 3551 se
1904 3501 1973 3552 vet·

621 3569 670 3643 bo
687 3570 877 3671 Jordanem
900 3563 1070 3642 scillurum
1091 3570 1274 3668 pollicitus
1293 3572 1402 3648 fuerat
1419 3621 1432 3658 ,
1460 3573 1615 3648 immissis
1635 3574 1671 3646 in
1692 3573 1970 3656 multitudinem,

623 3667 680 3741 cui
697 3665 934 3765 imposuerat,
961 3667 1118 3751 turmis,
1152 3665 1377 3768 compescuit.
1402 3671 1537 3765 joseph.
1558 3675 1674 3770 Antiq.
1692 3696 1756 3746 ror.
1781 3695 1845 3747 11.
1866 3714 1870 3718 ·
1899 3674 1973 3764 Eius

623 3783 781 3862 tempore
803 3763 926 3836 Helena
943 3758 1179 3840 Adiabenormn
1192 3769 1329 3867 regina,
1356 3771 1394 3842 δι
1413 3775 1530 3851 Izates
1548 3771 1622 3861 ejus
1652 3764 1745 3843 filius
1765 3769 1973 3869 religionem

617 3860 827 4048 Judaeorurp
847 3859 1005 3957 ‘amplexi
1024 3853 1122 3975 sunt,
1150 3887 1312 3982 quorum·
1322 3865 1590 3981 pulcherrimam
1604 3865 1782 3978 historiam
1801 3867 1973 3978 apudJo·

625 3957 752 4124 arn
765 3960 1188 4151 terminante
1200 3963 1852 4161 eneruauerunt
1865 3965 1975 4139 eu:

626 4171 722 4225 crum
741 4152 922 4234 aerarium,
948 4151 1070 4250 jusque
1083 4155 1325 4256 eligendorum
1337 4154 1551 4233 summorum
1569 4153 1794 4234 Pontificum.

370 4305 379 4320 .
445 4282 549 4353 mx,
570 4281 619 4343 n,
648 4342 656 4357 ·
723 4250 862 4322 LXIX.
889 4249 985 4323 Fado
1002 4249 1150 4329 succeffit
1173 4279 1219 4330 rx
1236 4262 1467 4339 Procurator,
1495 4261 1688 4331 Truentus
1712 4260 1976 4338 Aruxnreurt,

447 4360 598 4444 dofimffis
627 4363 701 4435 elus
724 4346 912 4420 Alexandri
930 4343 1045 4435 Alius,
1073 4354 1136 4450 qui
1153 4351 1355 4428 Alabarchae
1378 4353 1611 4455 magistratum
1631 4354 1729 4453 geffit
1740 4353 1974 4435 Alexandria,

447 4440 728 4597 {gagg-frater
746 4443 959 4528 celeberrimi
974 4448 1069 4529 illius
1087 4447 1269 4545 Philonis,
1292 4452 1431 4530 natione
1441 4452 1614 4555 Judaeus,
1639 4450 1700 4530 led
1713 4432 1904 4556 religionis
1919 4475 1976 4564 pa·

1181 4597 1187 4606 .
1908 4571 1977 4629 tue
