4667 5442
663 498 775 591 Dr
845 493 1173 590 Moure
1233 480 1519 608 'eloam
1688 526 1786 626 1⁴19

439 654 555 736 sumsit
578 686 622 735 ex
632 666 811 763 AEgypto:
839 664 931 741 unde
948 666 1121 739 &fastum
1136 663 1203 749 est,
1227 691 1266 740 ut
1278 661 1429 742 ismaelis
1467 666 1565 740 osteri
1577 670 1722 761 Agerent*
1728 667 1784 738 di-

438 762 482 831 &i
505 760 660 841 fuerint,
688 762 824 834 abavia
845 766 963 860 potius¹
984 788 1090 861 quarn
1112 790 1131 835 a
1156 786 1264 862 patre.
1317 766 1414 838 Idem
1433 693 1493 837 ille
1514 790 1613 838 mons
1635 768 1779 861 Agaris‚
1836 767 1843 784 ⁶

433 854 585 937 Pharan,
613 854 655 940 est
672 883 759 930 mons
777 862 885 941 Sina,
913 859 949 933 h.
973 887 1003 934 e.
1024 860 1145 932 eadem
1173 856 1195 930 fi
1223 856 1415 933 nificatione
1436 863 1550 958 typica
1575 863 1686 933 monti
1701 862 1781 933 Sina
1834 863 1850 919 ’-

434 947 631 1049 respondet.
683 956 861 1028 Nimirum
883 956 1067 1054 postquam
1092 884 1221 1028 ismael
1239 957 1348 1032 serum
1376 953 1409 1029 se
1428 956 1575 1030 ostendit
1592 956 1634 1027 ab
1655 957 1779 1056 Agaris

435 1071 585 1130 monte,
613 1049 853 1124 &abeodem
871 1055 1028 1125 omnium
1054 1050 1237 1123 hominum
1258 1075 1533 1152 oppugnatorem
1555 1100 1571 1134 ,
1594 1078 1696 1125 mons
1717 1051 1778 1123 ille

435 1141 602 1217 terrificus
623 1142 725 1219 evasit
745 1147 906 1219 omnibus
919 1144 1147 1238 subjectarum·
1159 1148 1304 1220 vallium
1322 1149 1445 1222 incolis
1462 1175 1474 1234 3
1499 1174 1648 1245 veraque
1660 1151 1780 1246 proin-

434 1239 482 1310 de
495 1242 636 1338 imago,
653 1238 730 1320 ,sive
744 1238 852 1343 figura
870 1248 999 1316 montis
1012 1247 1111 1324 Sina,
1140 1246 1202 1340 qui
1223 1267 1356 1317 tantum
1374 1245 1506 1345 Judaeis
1519 1246 1650 1318 incussit
1670 1267 1780 1316 terro-

438 1360 534 1418 rem,
562 1343 599 1410 ὅ(
620 1342 716 1429 cujus
737 1346 893 1412 contactu
909 1336 970 1412 sub
990 1336 1145 1439 praesenti
1161 1341 1281 1437 capitis
1291 1366 1389 1438 poena
1403 1342 1618 1414 interdictum
1633 1342 1675 1412 iis
1698 1340 1775 1412 fuit.

436 1437 550 1515 Haec,
576 1436 727 1532 &plura
747 1440 782 1507 in
802 1434 886 1508 hanc
911 1462 983 1508 rem
1006 1436 1092 1517 alia,
1145 1439 1257 1509 rolixe
1269 1462 1306 1510 ac
1320 1433 1485 1525 judiciose
1498 1440 1551 1508 vir
1570 1436 1777 1509 doeiffimus

437 1526 662 1626 exsequitur,
701 1532 806 1604 &ab
837 1533 977 1622 objectis
1005 1463 1265 1605 difficultatibus
1291 1534 1446 1614 liberat,
1472 1534 1508 1605 in
1539 1511 1777 1604 Dillertatione

439 1637 605 1722 ἐνικδῖτῳς
631 1630 726 1717 cujus
742 1627 853 1708 mihi,
880 1654 944 1726 pro
962 1624 1093 1700 summa
1105 1625 1162 1700 sua
1183 1628 1416 1711 humanitate,
1445 1628 1525 1701 fecit
1547 1633 1682 1726 copiam
1703 1657 1710 1701 :
1739 1630 1776 1698 &

437 1751 546 1822 quam
567 1752 608 1797 ne
623 1726 765 1821 publico
786 1727 961 1805 invideat,
992 1727 1156 1813 majorem
1176 1721 1288 1822 ipsum
1306 1728 1342 1797 in
1363 1725 1509 1796 modum
1524 1748 1625 1822 rog0.

535 1825 618 1893 XV.
645 1823 682 1892 Si
705 1820 782 1918 post
809 1844 862 1891 tot
881 1821 1139 1894 clarissimorum
1161 1820 1344 1894 hominum
1367 1821 1503 1895 labores
1520 1822 1607 1893 mihi
1632 1844 1853 1917 quoquexv·
1865 1849 1941 1908 ΛΜ.
2021 1852 2028 1867 .

440 1943 554 1990 meam
590 1919 691 1989 liceat
710 1917 861 1989 conferre
878 1914 1107 2012 symbolam,
1146 1944 1216 1990 non
1248 1919 1377 1991 invitus
1402 1917 1667 1990 communicabo
1688 1915 1776 2012 quid
1787 1951 1819 1988 ra
1834 1944 1913 1987 nova.

436 2037 552 2087 curate
570 2009 668 2110 super
685 2008 774 2085 hisce
800 2015 966 2111 cogitanti
997 2014 1167 2086 inciderit.
1216 2020 1345 2087 Nonne
1371 2014 1504 2095 verba,
1531 2007 1775 2108 τόγᾶςἈγας,

433 2109 527 2183 hunc
545 2112 740 2206 patiuntur,
768 2106 874 2181 sinon
888 2112 1031 2206 exigunt
1051 2158 1060 2189 ‚
1089 2107 1248 2182 sensum?
1274 2111 1357 2183 Illud
1372 2117 1456 2184 enim
1474 2115 1593 2204 Agara
1606 2109 1656 2191 est.
1682 2116 1779 2197 Qua·

436 2202 641 2302 srscriptum
661 2207 778 2289 soret,
805 2208 881 2270 τῢτο
901 2202 963 2300 yde
982 2208 1035 2277 ric
1050 2201 1160 2300 ''Apap
1212 2208 1309 2295 Quid
1322 2230 1437 2280 autem
1457 2206 1503 2280 est
1523 2209 1670 2303 Agarisl
1695 2232 1778 2304 pro-

437 2306 510 2378 lem
537 2305 675 2399 gignere
699 2305 743 2375 ad
768 2300 978 2376 servitutem.
1032 2303 1245 2377 Meditemur
1274 2302 1330 2375 hic
1354 2303 1636 2402 aliquantulum
1664 2300 1779 2375 &sin-

437 2402 523 2499 gula
544 2407 692 2495 primum
711 2400 814 2472 verba
830 2396 1065 2493 expendamus
1086 2446 1099 2481 ,
1126 2422 1201 2473 tum
1221 2425 1342 2472 eorum
1367 2426 1509 2473 nexum.
1559 2396 1599 2465 Ti
1618 2400 1781 2497 frequen·

433 2521 489 2571 ter
510 2497 658 2594 usurpari
676 2522 740 2595 pro
759 2499 835 2562 τῦτο
847 2515 905 2565 aut
922 2495 1026 2568 ἰκεΐνο,
1051 2495 1217 2593 idemque
1233 2496 1347 2568 valere
1358 2497 1456 2593 quod
1467 2500 1524 2570 hoc
1537 2498 1594 2570 vel
1602 2498 1695 2576 illud,
1714 2520 1780 2567 no·
1820 2506 1825 2516 '

435 2617 518 2670 runt
537 2598 736 2690 omnesqui
754 2599 874 2666 Graece
894 2614 1034 2664 norunt.
1084 2597 1244 2692 Juniores
1261 2588 1387 2666 discere
1408 2589 1544 2692 possunt
1560 2620 1604 2684 ex
1625 2593 1777 2673 Lexicis,
1865 2595 1869 2604 ’

435 2696 477 2765 &
497 2690 655 2786 exempla
670 2712 786 2786 petere
814 2714 858 2760 ex
875 2684 1032 2773 rhenum
1056 2691 1220 2786 Stephani.
1265 2684 1366 2784 “daeg
1384 2689 1554 2787 Apostolo
1578 2716 1705 2762 nomen
1725 2690 1779 2760 in-

435 2788 645 2860 declinabile
664 2786 733 2869 est,
762 2785 800 2859 &
817 2780 1066 2880 consequenter
1081 2783 1227 2878 cujusvis
1247 2834 1259 2869 ,
1284 2810 1349 2882 pro
1371 2790 1420 2860 rei
1440 2789 1641 2886 exigentia,
1669 2781 1776 2859 casua.

437 2885 541 2958 Nihil
555 2887 660 2982 igitur
675 2885 843 2981 impedit,
872 2904 945 2979 quo
961 2884 1075 2955 minus
1091 2908 1190 2982 aeque
1210 2910 1274 2980 pro
1298 2886 1456 2980 genitivo
1476 2908 1514 2954 ac
1533 2910 1597 2980 pro
1619 2883 1779 2956 nomina-

434 2984 513 3057 tivo
528 2978 688 3055 sumatur.
741 2979 881 3081 Copula
905 2982 956 3049 ἶς’
974 2981 1009 3051 in
1031 2982 1267 3053 enuntiatione
1284 2981 1372 3077 saepe
1385 3007 1454 3054 non
1470 2982 1692 3099 exprimitur,
1721 2975 1779 3050 sed

1562 3065 1603 3100 Nl.

433 3078 653 3177 intelligitur.
706 3082 769 3156 Uti
802 3083 837 3152 in
866 3077 957 3160 illo,
994 3074 1056 3144 Kal
1079 3072 1123 3145 ed
1144 3069 1165 3167 ’5
1188 3079 1360 3153 monitu.
1383 3074 1439 3152 δι,
1461 3092 1519 3143 xer
1536 3105 1572 3142 το
1586 3104 1604 3165 9
1618 3075 1775 3151 anamim.

435 3173 546 3253 Porro
566 3176 702 3271 aliquid
718 3178 861 3267 alicujus
880 3170 944 3246 esse
962 3176 1105 3259 dicitur,
1161 3179 1234 3249 uod
1252 3178 1305 3251 illi
1319 3178 1499 3273 proprium
1514 3172 1584 3256 est,
1613 3175 1710 3271 quod
1724 3175 1777 3246 illi

434 3275 630 3369 competit,
657 3273 778 3344 autad
797 3274 897 3345 illum
918 3295 1066 3368 quoquo
1084 3203 1193 3343 modo
1214 3275 1373 3368 pertinet.
1424 3276 1544 3355 Quum
1556 3272 1673 3367 itaque
1686 3278 1781 3368 Aga-

432 3372 465 3447 ri
488 3390 662 3463 competat
674 3370 809 3464 prolem
822 3369 962 3465 gignere
976 3370 1021 3438 ad
1039 3363 1236 3439 servitutem
1250 3394 1263 3453 3
1314 3365 1410 3435 uidni
1430 3366 1557 3436 dixerit
1574 3366 1773 3463 Apostolus,

434 3465 474 3534 τὸ
499 3458 562 3557 φὶς
576 3459 696 3553 Ἅγαρ,
718 3465 775 3537 hoc
801 3471 884 3537 enim
901 3468 1019 3556 Agara
1037 3463 1079 3546 est
1098 3467 1115 3537 ἒ
1138 3466 1213 3544 Sic,
1239 3392 1313 3546 ,nili
1322 3460 1445 3541 fallor,
1472 3459 1612 3557 liquido
1627 3461 1776 3547 ostendi,

436 3565 528 3641 nihil
548 3567 584 3635 in
607 3562 722 3635 verbis
736 3557 814 3658 ipfis
830 3555 921 3639 effe,
950 3561 1050 3657 quod
1067 3560 1168 3635 istum
1187 3556 1319 3634 sensum
1337 3554 1484 3675 respuat.
1533 3565 1638 3632 Nunc
1648 3583 1778 3634 nexum

433 3662 619 3735 videamus
640 3684 796 3756 „quem
817 3657 946 3729 indicat
962 3661 1154 3748 conjunctio
1173 3650 1324 3730 caulialr's
1343 3680 1418 3747 rag·
1471 3653 1537 3727 Illa
1555 3655 1686 3739 docet,
1713 3659 1779 3730 ali-

436 3757 609 3857 quidhoc
629 3756 722 3827 dieto
743 3754 958 3854 comprobari
979 3755 1078 3853 quod
1093 3755 1203 3828 modo
1222 3777 1295 3827 erat
1305 3749 1476 3824 assertum.
1526 3747 1693 3826 Affertum
1717 3778 1779 3825 au·

435 3878 511 3928 tem
525 3876 621 3934 erat,
648 3851 907 3948 Testamentum
926 3853 1021 3946 prius
1039 3899 1049 3933 ,
1079 3852 1177 3949 quod
1191 3852 1235 3922 ad
1253 3846 1450 3922 servitutem
1468 3871 1625 3945 generat,
1655 3845 1780 3949 figura-

433 3974 514 4024 tum
527 3944 620 4022 fuisse
635 3974 696 4045 per
714 3955 878 4047 Agarem.
929 3948 1051 4037 Qiod‘
1060 3974 1128 4045 qua
1149 3949 1279 4019 ratione
1290 3945 1442 4018 validius
1458 3945 1643 4040 probatur,
1672 3972 1777 4043 quam

435 4046 523 4128 hac,
577 4048 633 4117 uia
645 4048 768 4141 Agaris
785 4045 875 4117 illud
890 4043 958 4126 est,
985 4044 1030 4114 ad
1043 4040 1240 4116 servitutem
1256 4046 1442 4141 generare?
1468 4042 1713 4115 Antecedentia
1726 4071 1780 4116 er·

435 4168 486 4243 go
503 4143 548 4214 ad
591 4167 654 4214 anc
672 4168 715 4214 ex
741 4138 921 4213 ositionem
938 4167 1008 4213 non
1028 4141 1152 4211 ducere
1164 4134 1277 4212 solum
1297 4187 1307 4219 ‚
1336 4134 1394 4210 sed
1406 4141 1444 4208 δι
1459 4138 1590 4210 trahere
1604 4141 1776 4213 videntur.

435 4241 624 4336 Sequentia
642 4168 754 4335 quid?
780 4242 828 4309 Ea
851 4261 995 4335 quoque
1018 4239 1148 4333 optime
1176 4231 1394 4334 respondent.
1444 4234 1628 4333 Postquam
1648 4262 1779 4310 comm.

436 4356 498 4426 24.
520 4338 615 4434 prius
627 4334 868 4408 testamentum
885 4358 904 4403 a
921 4355 1038 4405 monte
1055 4334 1134 4405 Sina
1147 4326 1210 4402 else
1224 4326 1441 4413 declarasset,
1466 4337 1579 4429 pergit
1592 4331 1780 4431 hancquo-

433 4457 508 4530 que
520 4427 707 4506 assertionis
728 4426 796 4505 suae
818 4451 952 4529 partem
968 4427 1132 4503 illustrare
1142 4476 1154 4513 ,
1181 4428 1303 4521 jubens
1320 4424 1420 4504 situm
1434 4430 1565 4504 montis
1577 4432 1657 4503 Sina
1670 4452 1781 4595 agren-

1711 4548 1779 4609 CXC,
