4667 5442
555 487 561 500 ’
641 484 742 597 608
931 481 1359 576 Inrurcr.
1430 465 1736 566 Cnitlll.

645 648 827 723 fendantur
843 642 912 718 alii.
964 648 1001 718 Si
1020 670 1092 718 rem
1105 666 1261 716 amamus
1279 687 1290 723 ,
1319 662 1497 713 tantumne
1521 637 1602 736 plus
1621 628 1825 737 emphasios
1845 651 1910 707 aut
1926 657 2009 734 pon-

647 743 739 819 detis
757 741 824 826 est,
852 745 886 814 in
906 743 1105 815 nominibus
1125 740 1231 823 foedi,
1259 735 1390 820 odiosi,
1418 735 1684 818 abominabilis,
1714 758 1835 834 quani
1847 734 1886 806 in
1901 738 2011 806 nomi·

648 866 693 917 ne
712 837 884 913 maledicti
898 861 957 912 aut
975 837 1174 914 execrabilis
1193 834 1207 906 ἓ
1233 858 1331 911 eccur
1352 834 1394 907 de
1418 833 1596 908 vocabulis
1613 832 1804 932 litigamus
1828 876 1842 912 ,
1871 855 1954 928 quae
1972 856 2014 914 o·¹

650 939 744 1011 mitti
761 933 838 1009 sane
859 932 1016 1033 possunt,
1045 928 1303 1008 sioffensionem
1315 930 1479 1030 ¹praebete
1498 930 1754 1030 comperiantur
1770 925 1787 1001 Ξ
1815 921 1883 1002 sed
1902 929 1942 1003 δι
1958 929 2006 1000 in·

650 1036 756 1110 noxie
768 1034 877 1115 dicta,
904 1029 1114 1105 aliovorsum
1133 1028 1221 1104 trahi
1240 1054 1310 1103 non
1330 1027 1504 1101 deberent.

469 1169 640 1237 ΠΜ,
746 1133 796 1203 X.
822 1129 1058 1202 Commodam
1083 1127 1291 1201 Concordiae
1321 1127 1414 1198 viam
1444 1118 1605 1199 invenisse
1626 1124 1773 1200 videtur
1790 1147 1913 1224 nuper
1932 1119 2009 1196 mihi

471 1233 633 1309 cimordiae.
650 1227 787 1303 laudata
801 1224 915 1299 charta
928 1224 1142 1299 conciliatrix
1162 1270 1174 1305 ‚
1201 1221 1264 1296 hac
1282 1221 1443 1296 formula.
1493 1222 1666 1401 &niam
1679 1226 1894 1318 pemati·
1909 1219 2007 1320 petle-

650 1350 764 1401 natm
783 1323 825 1408 eli
845 1328 929 1396 inter
943 1318 1099 1405 christum
1116 1325 1160 1395 er
1166 1316 1297 1409 fideles,
1319 1338 1489 1414 reatmque
1503 1344 1540 1392 no
1583 1343 1674 1393 arum
1692 1319 2005 1417 iniquitatiuncliti

646 1422 692 1509 lio
707 1418 884 1518 impositus,
909 1428 1012 1491 Pater
1029 1425 1218 1493 luiuiisus
1240 1423 1491 1515 atquelitirus
1516 1421 1549 1488 ei
1565 1413 1696 1500 exstitit.
1749 1420 1842 1491 Nori
1859 1416 2005 1515 quieuit

649 1542 786 1616 unquam
797 1516 945 1606 adversm
960 1539 1031 1589 eum
1042 1534 1211 1591 cononatus
1221 1511 1327 1606 fuerit
1341 1538 1530 1586 enesionis
1545 1559 1557 1596 ,
1583 1517 1666 1612 quod
1679 1516 1882 1609 generatim
1898 1533 2003 1587 numa

651 1619 784 1696 Divina
798 1611 1002 1709 perfessioni,
1026 1636 1206 1710 quocunque
1221 1616 1343 1685 dmum
1362 1614 1503 1691 interitu,
1528 1629 1701 1707 repugnat:
1729 1634 1844 1710 neque
1860 1616 1945 1711 quod
1956 1612 2005 1682 olle

648 1714 744 1814 passo
761 1708 897 1802 infensus
914 1710 969 1809 ἱρῇ
983 1709 1110 1801 fuerit,
1133 1708 1344 1782 multominus
1361 1706 1402 1781 ab
1419 1708 1484 1804 ipso
1504 1705 1707 1781 abhorruerit
1724 1762 1735 1789 ‚
1763 1729 1933 1805 quatenus
1947 1733 2007 1782 coii-

648 1806 848 1903 [iderabatrr
870 1833 914 1881 in
943 1832 984 1879 sii
1013 1832 1124 1889 iiso,
1144 1805 1192 1895 fic
1210 1809 1292 1879 enim
1313 1824 1386 1878 erat
1402 1806 1497 1879 oneri
1509 1804 1639 1902 prorsus
1650 1806 1782 1900 peccati
1798 1828 1928 1904 expers.
1957 1807 2007 1878 Sei

651 1928 807 2005 quatenus
822 1901 1117 1997 consecrabaturin
1137 1927 1335 1980 institero
1364 1927 1417 1976 iio
1445 1926 1543 1985 nos,
1569 1899 1794 1999 utquinoster
1814 1909 2008 1978 eratSroii·

659 2030 755 2086 son,
781 2001 882 2088 nnita
899 2020 1028 2098 peccata
1043 2005 1079 2075 iti
1093 2000 1152 2092 suo
1168 2020 1294 2098 corpore
1309 2018 1462 2096 portatu,
1481 2002 1559 2082 ita,
1580 1995 1684 2093 fiper
1705 2002 1862 2075 animum
1883 2025 2008 2075 iniri·

658 2126 737 2175 eun
759 2120 855 2200 atque
873 2125 1032 2174 instuit
1050 2098 1205 2195 intelligar
1217 2097 1356 2188 sanilam
1377 2104 1578 2171 punierint
1604 2120 1915 2182 votuerunt,
1929 2101 2008 2172 Orti-

651 2196 721 2287 flue
738 2202 897 2275 Dumium
906 2194 1001 2288 senfit
1018 2222 1056 2271 ac
1074 2197 1153 2270 tulit
1174 2192 1365 2289 offensionem
1379 2198 1469 2275 Dei,
1492 2196 1536 2269 de
1550 2197 1738 2290 ponderire
1756 2194 1888 2291 ipsene,
1911 2201 1941 2271 iti
1957 2215 2008 2293 pe·

658 2321 702 2369 na
716 2312 917 2393 peccatorum
935 2292 1127 2377 nostrorum,
1152 2317 1218 2391 que
1232 2298 1266 2366 r'ii
1286 2289 1384 2390 ipsum
1393 2293 1468 2382 sunt
1480 2291 1648 2366 translata.
1697 2298 1803 2367 Nam
1819 2295 1948 2391 placuit
1955 2302 2008 2367 Pi·

654 2398 702 2469 tri
710 2412 870 2468 conterere
881 2391 999 2489 ipsum,
1022 2388 1170 2488 impostis
1181 2394 1211 2463 ei
1225 2394 1360 2465 onmium
1371 2387 1504 2473 nostrum
1518 2385 1757 2487 iniquitatibus.
1815 2394 1855 2464 Si
1870 2390 1961 2478 inec,
1976 2409 2008 2461 ot

655 2515 718 2591 pat
733 2490 800 2572 est,
827 2493 1005 2587 utrimque
1024 2490 1273 2571 concedantur,
1301 2486 1388 2586 quid
1406 2483 1551 2583 superest
1569 2480 1820 2562 controversiae
1835 2486 1852 2560 ζ

476 2626 530 2690 χι,
554 2621 596 2681 An
755 2592 821 2661 XI.
847 2587 929 2663 Plus
954 2584 1166 2657 difficultatis
1199 2583 1246 2657 est
1274 2586 1310 2658 iii
1338 2589 1623 2657 Anniciirioiie
1650 2606 1763 2680 quam
1784 2587 1894 2675 ajunt
1912 2588 2007 2658 Finit

477 2698 649 2765 neuram
659 2688 763 2766 Dii,
797 2683 940 2757 durante
958 2679 1067 2780 usque
1093 2681 1138 2754 ad
1160 2675 1411 2755 suscitationem
1434 2677 1535 2780 ipsius
1561 2707 1578 2754 e
1608 2701 1737 2754 morte.
1793 2686 1906 2758 Hane
1928 2684 2007 2754 enini

478 2777 581 2836 ³¹3⁸*
658 2775 814 2879 phrafin‚
842 2777 901 2851 vel
919 2777 1021 2851 aliam
1044 2776 1154 2851 ullam
1175 2780 1207 2850 ei
1226 2778 1533 2877 aequipollentem,
1559 2774 1717 2877 nuspiam
1729 2779 1769 2851 in
1792 2775 1905 2855 sactis
1914 2779 2006 2852 literis

472 2849 641 2984 [aaz
658 2874 780 2951 nostris
805 2875 959 2952 invenio.
1011 2879 1067 2946 De
1085 2900 1127 2946 eo
1157 2898 1247 2947 certe
1265 2901 1335 2948 non
1377 2878 1548 2959 uaeritur,
1585 2900 1628 2949 an
1647 2896 1804 2949 aeternus
1823 2879 1898 2950 Dei
1916 2875 2007 2949 Filios

477 2945 619 3074 mu„
657 2973 767 3049 Filius
777 2972 868 3055 Dei,
896 2969 982 3044 dum
992 2994 1129 3069 peccata
1141 2971 1252 3047 nostra
1261 2901 1442 3069 ponaiat,
1470 2968 1534 3044 else
1545 2968 1690 3046 desierit.
1747 2971 2008 3071 Anathemaqui

658 3070 726 3146 hoc
744 3071 860 3144 docet.
914 3073 963 3141 At
982 3093 1043 3143 nec
1058 3067 1149 3143 istud
1167 3074 1333 3167 quaeritur
1351 3116 1364 3154 ,
1390 3096 1433 3144 an
1452 3093 1522 3142 non
1537 3078 1634 3146 Pater
1649 3091 1735 3143 tunc
1787 3071 1942 3145 erfonem
1958 3074 2009 3161 ju·

658 3168 747 3243 dicis
765 3161 963 3240 adsumserit
981 3212 994 3250 ,
1021 3169 1084 3265 qui
1097 3168 1330 3240 Mediatorem
1349 3166 1524 3241 Christum
1540 3166 1727 3242 rebellium
1762 3189 1920 3243 errorum
1933 3191 2011 3265 pet·

659 3262 779 3340 sonam
798 3261 1041 3346 sustinentem,
1068 3265 1120 3337 uti
1141 3263 1246 3338 talem
1265 3261 1466 3338 severissime
1482 3262 1651 3339 habuerit.
1703 3272 1808 3339 Nam
1824 3267 1864 3340 δι
1876 3263 1946 3339 lioc
1961 3267 2010 3338 in·

660 3360 855 3437 contestatae
869 3361 1023 3435 veritatis
1045 3360 1104 3437 est.
1157 3355 1396 3436 illudfortasse
1416 3364 1525 3458 quaeri
1540 3362 1675 3460 potest3
1698 3370 1886 3449 anDeus,
1934 3385 2008 3434 nuni

658 3457 838 3631 Personam
855 3458 979 3549 judicis
997 3480 1075 3557 erga
1096 3455 1270 3533 Christum
1292 3454 1467 3541 assumsit,
1492 3455 1674 3556 personam
1692 3463 1811 3535 Patris
1831 3463 1885 3537 ita
1909 3388 2006 3558 sepo·

675 3559 785 3639 uerit,
812 3576 853 3628 ut
880 3552 1056 3629 Christum
1083 3558 1184 3628 unice
1204 3554 1313 3629 veluti
1333 3552 1464 3629 sontem
1484 3552 1751 3630 consideraverit
1767 3582 1809 3632 ac
1858 3559 2006 3636 univerit

659 3648 802 3748 seposita
831 3676 870 3724 ea
900 3648 1166 3727 consideratione
1198 3650 1298 3749 quod
1323 3648 1402 3725 sons
1424 3652 1483 3725 iste
1505 3653 1804 3729 innocentissimus
1824 3584 1925 3732 slius
1941 3651 2005 3729 fimi

660 3749 752 3825 esset.
803 3756 842 3823 ln
860 3774 929 3847 qua
949 3748 1011 3823 lite
1027 3773 1104 3847 pars
1116 3769 1266 3845 negans,
1295 3749 1547 3841 meoiudicio,
1574 3751 1685 3839 aiente
1693 3749 1828 3864 'potior
1849 3754 1914 3832 est.

480 3854 658 3949 melre,
758 3850 842 3920 xii.
868 3853 961 3921 Nam
984 3871 1059 3943 quo
1077 3846 1188 3920 modo
1201 3842 1356 3920 Christus
1375 3848 1410 3919 in
1423 3850 1587 3920 extremis
1607 3846 1818 3925 constitutus
1829 3849 2004 3954 angoniot

474 3939 533 4014 fl*
548 3958 578 4028 *Ρ
594 3956 640 4030 ’ξ’
663 3946 812 4036 judicem
826 3939 923 4015 suum
942 3966 1006 4037 pro
1026 3950 1122 4017 Patre
1141 3943 1306 4041 agnovit,
1334 3944 1436 4016 ita&
1452 3948 1548 4018 Deus
1565 3945 1674 4035 judex
1691 3942 1881 4024 Christum
1891 3974 1954 4050 pro
1962 3946 2007 4020 ft

478 4032 638 4108 ‘'⁰¹⁸¹“”2
661 4044 724 4117 lio.
776 4038 966 4112 Haecenim
977 4033 1009 4110 se
1020 4061 1143 4111 mutuo
1156 4035 1422 4137 consequuntur.
1474 4038 2005 4148 Christusautenicumingemi·

480 4112 529 4230 2
544 4109 649 4225 iffi
662 4142 800 4214 natione
813 4132 1041 4234 singularique
1057 4131 1178 4209 aflestu
1193 4133 1292 4210 Abba
1311 4146 1414 4212 Pater
1436 4138 1525 4211 dixit
1540 4164 1550 4213 t
1577 4141 1615 4212 δι
1634 4137 1679 4211 de
1699 4164 1803 4217 cruce
1844 4145 2004 4220 endensn

479 4263 513 4303 υτ
526 4244 635 4304 Patren
662 4242 775 4313 Patric
798 4256 910 4307 manue
928 4229 1087 4332 spiritum
1110 4228 1210 4307 suum
1229 4234 1499 4309 commendavit.
1549 4240 1595 4308 Et
1612 4238 1749 4334 paterni
1820 4246 1921 4316 estus
1942 4238 2002 4318 fuit
2051 4275 2053 4338 i

480 4322 600 4397 wite.
690 4332 783 4415 uod,
805 4331 895 4402 ut&
915 4356 1023 4429 nuper
1034 4332 1178 4416 monui,
1206 4337 1260 4404 An
1287 4331 1382 4408 eluin
1400 4332 1444 4405 ad
1460 4326 1572 4431 ipsum
1584 4332 1861 4416 confortandum
1872 4333 2004 4414 miserit:
2051 4343 2053 4362 '

615 4505 617 4509 ,
662 4360 756 4525 shoc
774 4446 864 4507 certe
883 4452 955 4503 non
971 4431 1150 4532 continget
1165 4354 1356 4531 tepidis)
1387 4433 1486 4531 quod
1501 4426 1641 4511 Christo
1657 4429 1869 4516 denotem
1889 4433 2004 4514 dederit

1941 4549 2001 4608 tou
