4667 5442
605 503 970 597 Hrsronrn
1022 502 1624 635 Hrrnosoruun„
1695 522 1793 636 235

446 699 516 773 que
533 674 580 746 ita
593 674 680 749 nihil
694 676 917 773 reliquerint,
945 675 1043 773 quod
1056 675 1203 750 obstaret
1222 702 1295 774 quo
1315 680 1430 749 minus
1443 677 1614 776 templum
1631 678 1793 752 omnibus

444 775 480 844 in
500 774 581 844 urbe
595 773 681 845 locis
699 771 817 845 celsrus
844 770 935 845 esset.
986 776 1158 846 Simeonis
1176 772 1277 862 hujus
1297 775 1436 846 ducatui
1462 778 1612 847 multum
1630 772 1792 875 splendo-

445 871 493 940 ris
512 869 668 951 accessit,
698 866 842 942 solemni
859 870 1062 968 Judaeorum
1082 868 1262 967 plebiscito
1284 918 1295 953 ,
1322 872 1421 969 quod
1436 872 1564 944 tabulis
1585 875 1688 945 aeneis
1706 875 1792 969 rncif
1887 874 1893 885 '

439 961 546 1045 sum,
575 968 612 1036 &
632 967 666 1037 in
685 968 818 1038 ambitu
836 964 1033 1047 sanctuarii,
1062 967 1143 1039 loco
1168 967 1313 1048 celebri,
1342 969 1566 1061 Hierosolymis
1584 966 1787 1068 expositum,
1833 1022 1844 1029 ψ
1953 979 1957 992 ’

441 1059 498 1132 his
518 1061 584 1133 fuit
599 1085 803 1159 conceptum
823 1064 966 1136 verbis:
995 1065 1124 1137 Placuit
1137 1066 1259 1155 Jucaeu
1278 1064 1587 1162 Sacerdotibutque,
1613 1088 1649 1138 ut
1669 1070 1791 1140 Simeon

434 1155 482 1248 fit
499 1157 634 1253 ipsorum
653 1163 799 1234 Dux&
819 1166 969 1232 Sacerdos
979 1160 1119 1248 sru'mmus
1135 1167 1170 1234 in
1184 1162 1347 1250 seculum·
1373 1167 1467 1237 donec
1488 1163 1636 1256 exsurgat
1650 1165 1791 1258 Prophe·

440 1273 478 1328 ta
498 1273 612 1326 certus.
663 1260 773 1353 Sitque
784 1256 880 1353 super
899 1282 952 1328 eos
973 1263 1078 1338 Dux,
1102 1278 1171 1330 tum
1188 1257 1224 1329 ut
1245 1283 1321 1329 cura
1338 1257 1382 1349 fit
1407 1258 1465 1355 ipfi
1489 1280 1550 1356 pro
1576 1262 1642 1333 loco
1662 1260 1791 1347 firusio,

439 1350 642 1435 constituendi
660 1371 720 1448 per
739 1353 838 1449 ipsium
858 1349 1022 1449 proferam
1049 1352 1196 1450 operibus
1216 1354 1379 1449 ipsorum,
1405 1361 1448 1429 (r
1468 1361 1614 1451 regioni,
1638 1362 1791 1455 armisque

442 1453 488 1523 (a
508 1448 743 1522 munitionibus.
793 1449 876 1523 Tum
894 1469 930 1521 ut
948 1475 1024 1523 cura
1036 1449 1081 1540 fit
1099 1451 1154 1543 ipft
1164 1451 1363 1523 Scnlluarii:
1389 1472 1484 1549 utque
1495 1472 1651 1549 parentur
1669 1453 1725 1547 ipsc
1750 1451 1791 1526 ab

439 1545 604 1619 omnibus:
630 1553 674 1621 (φ
695 1567 732 1622 ut
745 1545 926 1635 scribantur
947 1552 986 1620 de
1013 1550 1136 1620 nomine
1155 1546 1250 1643 ipsus
1267 1573 1369 1620 omnes
1398 1551 1581 1645 Syngraplrc
1602 1555 1636 1624 in
1655 1556 1791 1645 regione,

437 1647 484 1716 θ’
501 1664 538 1715 ut
560 1648 711 1717 iniuntur
726 1661 891 1741 purpura,
916 1669 1090 1742 aurumque
1102 1645 1211 1739 gestet.
1263 1646 1362 1720 Nulli
1378 1672 1419 1718 ex
1434 1647 1549 1742 populo
1564 1668 1621 1719 aut
1643 1653 1790 1722 Sacerdo-

437 1737 527 1814 tibus
546 1739 653 1815 licebit
671 1747 800 1815 irritrcm
812 1740 923 1833 fircera
941 1745 1110 1839 quidquam
1126 1740 1268 1824 illorum,
1291 1745 1335 1815 &⁸
1354 1751 1446 1817 rebus
1463 1769 1529 1841 quc
1544 1741 1584 1815 ab
1601 1745 1664 1840 ipso
1686 1751 1790 1817 diceu-

434 1856 494 1910 tur
515 1843 751 1921 contradicere,
776 1858 834 1911 aiut
851 1861 1034 1913 conventum
1047 1842 1081 1912 in
1093 1842 1217 1936 regione
1238 1861 1345 1932 cogere
1351 1839 1418 1930 fine
1437 1839 1524 1937 ipso,
1549 1850 1606 1913 aut
1615 1845 1704 1914 indui
1709 1861 1788 1938 pur-

433 1957 547 2032 pura,
572 1940 615 2011 (ι’
633 1942 741 2010 ornari
753 1935 859 2026 fibula
885 1960 994 2009 aurea.
1042 1936 1124 2032 Qi
1147 1933 1419 2026 contrafecerit,
1452 1956 1508 2010 aut
1525 1941 1656 2011 irritum
1671 1938 1788 2030 fecerit
1823 1958 1825 1961 ’

439 2035 748 2129 quidquamlrorum,
772 2032 928 2115 remeflo.
976 2039 1072 2109 Nam
1091 2034 1218 2128 placuit
1236 2036 1297 2105 toti
1307 2036 1422 2130 populo
1442 2031 1602 2116 statuere,
1628 2056 1664 2108 ut
1681 2034 1787 2126 faciat

438 2132 564 2201 Simeon
577 2130 744 2219 srrcrmdum
766 2158 818 2207 res
831 2129 913 2213 ι’]ῐιι.
940 2153 972 2202 1.
985 2130 1244 2206 Maccabxrv:
1261 2149 1322 2221 41.
1375 2129 1559 2227 Postquam
1577 2136 1654 2201 ooo
1676 2158 1785 2205 annos

438 2227 571 2325 Judaeis
589 2225 790 2324 praesuillet,
822 2226 1013 2300 felicilhmo
1026 2222 1106 2298 usus
1117 2230 1311 2325 Principatu
1321 2274 1332 2309 ,
1359 2250 1525 2324 tutusque
1538 2230 1685 2300 amicitia
1698 2254 1786 2326 prae-

439 2324 541 2417 cipue
558 2329 817 2407 Romanorum,
846 2326 908 2422 qui
926 2325 995 2414 jam
1010 2347 1087 2396 tum
1100 2324 1242 2422 populis
1253 2326 1326 2414 jura
1338 2324 1485 2409 dabant3
1510 2324 1682 2421 postremo
1695 2350 1786 2397 uxo·
1861 2378 1864 2381 >

436 2443 529 2491 reae
549 2419 686 2494 duobus
706 2418 785 2494 filiis
808 2419 1078 2518 comprehensis,
1107 2446 1143 2495 ac
1161 2424 1196 2493 in
1209 2421 1347 2493 vincula
1367 2423 1546 2512 cornuis,
1574 2423 1609 2493 in
1625 2423 1785 2495 convivio

441 2512 546 2589 caesus
567 2517 634 2599 est,
664 2515 793 2592 insrdiis
805 2519 923 2619 generi
940 2514 991 2590 sui
1011 2518 1175 2594 ptolomei
1193 2573 1205 2602 ‚
1235 2518 1280 2590 ad
1298 2514 1536 2593 Pontificalem
1556 2518 1702 2593 infulam
1716 2521 1784 2592 im-

434 2613 546 2712 probe
569 2612 782 2713 adspirantis.
1009 2667 1015 2678 ·

538 2717 697 2787 XXXV.
735 2720 782 2786 At
807 2711 970 2787 frustratis
998 2715 1113 2811 impiis
1132 2712 1294 2788 Ptolomai
1311 2711 1517 2796 conatibus,
1545 2717 1754 2813 Jonnnnrs
1768 2758 1778 2793 ,
1791 2724 1903 2785 xxxv.

436 2832 674 2907 cognomento
697 2814 939 2893 Hrncnnus,
967 2813 1088 2884 tertius
1109 2812 1281 2884 Simeonis
1302 2806 1412 2891 filius,
1440 2813 1631 2911 principatu
1649 2812 1781 2909 potitus
1790 2802 1823 2857 ‘¹‘
1831 2796 1858 2874 J
1859 2798 1940 2856 Μ’·
2026 2810 2031 2818 ’

436 2907 496 2979 est.
553 2910 667 2999 Hujus
710 2909 793 2981 rima
814 2935 891 2982 cura
906 2909 971 2982 fuit
987 2910 1094 3007 patris
1112 2933 1229 2982 necem
1251 2905 1379 2980 ulcisci.
1427 2877 1960 3029 Itaquearcemsuperffiplgr'ff

438 3003 666 3078 Hierichunta
684 2933 779 3078 htam
790 3054 800 3090 ,
828 3031 902 3105 quo
925 3003 957 3078 sc
974 3028 1145 3104 receperat
1163 3006 1369 3087 Ptolomeus,
1392 3003 1571 3079 obsrdione
1589 3007 1719 3104 cingit,
1747 3007 1873 3089 &necem
1892 3034 1938 3085 ut-

438 3103 676 3200 oppugnando
695 3104 813 3176 locum
834 3127 954 3177 crotera
974 3105 1117 3200 quidem
1140 3126 1210 3176 erat
1232 3100 1383 3200 superior
1406 3149 1417 3183 ,
1445 3102 1644 3174 vincebatur
1666 3123 1780 3174 autem
1790 3106 1905 3181 ciscr'tut·
1944 3163 1947 3167 ,

435 3193 511 3271 sola
535 3202 661 3297 pietate
679 3224 757 3297 erga
776 3223 945 3280 matrem,
972 3203 1010 3269 δε
1030 3222 1109 3294 erga
1127 3224 1309 3297 germanos
1327 3194 1556 3269 misericordia
1573 3226 1584 3283 3
1609 3197 1674 3270 hos
1688 3200 1782 3271 enim

435 3297 628 3369 Ptolomeus
647 3300 831 3395 produltos
849 3300 884 3367 in
899 3298 1023 3367 moenia
1043 3295 1156 3391 flagris
1180 3292 1331 3367 caedebat
1352 3294 1387 3363 in
1410 3293 1490 3363 loco
1516 3296 1678 3363 omnibus
1698 3319 1783 3365 con-

433 3389 580 3489 spicuo:
608 3417 642 3465 at
660 3393 718 3466 ille
736 3417 857 3488 putans
872 3413 1040 3489 quantum
1054 3389 1097 3459 de
1119 3390 1375 3489 oppugnatione
1392 3391 1580 3461 remitteret
1600 3436 1610 3470 ,
1644 3411 1780 3463 tantum

435 3492 471 3570 se
491 3488 672 3591 gratificari
688 3487 755 3561 suis
774 3489 944 3562 cariffimis
966 3536 976 3571 ,
1018 3485 1127 3560 statim
1153 3490 1188 3559 in
1222 3489 1337 3583 primo
1359 3507 1483 3557 conatu
1510 3481 1779 3586 elanguescebat.

438 3594 556 3664 Mater
589 3612 704 3661 tamen
748 3587 902 3660 adeum
933 3610 1054 3658 manus
1088 3585 1232 3657 tendens
1263 3581 1506 3681 supplicabat,
1550 3608 1593 3655 ne
1620 3582 1781 3657 mollire·
1927 3588 1961 3658 Α

436 3712 495 3763 tur
512 3681 707 3767 affeltibus,
736 3681 794 3757 sed
812 3687 929 3784 potius
947 3684 1150 3778 indignitate
1167 3684 1215 3754 rei
1239 3703 1356 3755 motus
1376 3681 1504 3753 dareto
1532 3704 1644 3765 eram,
1672 3703 1712 3753 ut
1725 3707 1780 3755 re·
1809 3677 1855 3769 :⁵
1927 3705 1955 3780 ἦ

436 3786 575 3858 dasium
592 3785 627 3857 in
644 3781 847 3882 potestatem
862 3784 1041 3854 inimicum
1059 3782 1206 3854 afficeret
1214 3803 1342 3877 poena,
1370 3781 1407 3852 &
1427 3706 1641 3853 ulcisieretur
1662 3777 1780 3855 homi·
1803 3809 1806 3814 ’
1859 3806 1878 3826 '¹
1933 3776 1952 3815 ‘

436 3879 579 3958 nessrbi
598 3904 716 3953 natura
739 3880 1047 3968 conjunctissimos:
1073 3901 1208 3976 gratum
1223 3879 1315 3948 enim
1337 3873 1396 3948 hbi
1420 3877 1492 3949 sore
1504 3879 1593 3950 inter
1606 3900 1779 3953 tormenta

436 3981 550 4061 mori,
579 3979 687 4049 modo
705 3978 850 4049 nefarius
861 3974 969 4048 homo
991 3971 1151 4046 scelerum
1163 3972 1302 4047 suorum
1314 3969 1520 4072 supplicium
1534 3973 1654 4047 lueret.
1684 3978 1781 4073 Hyr·

437 4102 543 4149 canus
558 4099 641 4149 vero
657 4073 784 4146 talibus
803 4072 916 4145 verbis
933 4071 1177 4145 accendebatur
1196 4071 1240 4142 ad
1260 4066 1416 4143 allultum
1434 4074 1561 4164 majore
1574 4074 1706 4171 impetu
1728 4073 1778 4145 fa-

437 4174 600 4247 ciendum
621 4201 630 4245 :
658 4168 716 4244 sed
735 4171 1002 4267 quamprimum
1023 4169 1256 4240 verberari&
1286 4166 1423 4241 lacerari
1450 4191 1593 4241 matrem
1613 4168 1776 4256 videbat,

434 4267 673 4367 refrigescebat
691 4268 801 4341 statim
819 4268 1087 4367 oppugnationi—s
1104 4265 1236 4347 servor,
1264 4267 1301 4336 &
1323 4264 1521 4339 vincebatur
1539 4262 1630 4339 filius
1652 4286 1780 4339 mater·

435 4372 491 4443 nis
511 4362 698 4441 affectibus.
750 4372 940 4462 Quumque
958 4362 1024 4435 hoc
1044 4367 1147 4462 pasto¹
1163 4360 1350 4434 traheretur
1370 4362 1498 4437 diutius
1526 4361 1659 4435 obsidio
1682 4409 1693 4446 ,
1722 4358 1778 4435 su-

435 4464 596 4569 pervenit
618 4487 725 4540 annus
744 4462 806 4540 ille
828 4486 901 4561 quo
914 4459 1053 4542 solenne
1066 4458 1123 4633 Est
1142 4458 1275 4559 Judaeis
1302 4452 1420 4541 cellere
1443 4460 1485 4538 ab
1503 4460 1696 4561 operibus,
1724 4483 1779 4531 re-

1112 4578 1186 4661 gu
1643 4577 1780 4645 currens
