4667 5442
877 503 1399 596 PROLEGOMENA.
1750 543 1799 602 ιι

439 719 564 774 novant
579 693 772 796 sequebatur
787 701 855 770 vita
869 724 971 782 nova,
996 710 1032 775 δι
1054 700 1159 775 rursus
1176 727 1295 776 novam
1309 701 1393 777 ha'nc
1410 707 1510 779 vitam
1535 730 1618 780 nova
1633 709 1800 807 cognatio.

438 806 630 895 nnvajura‚
653 820 737 868 nova
751 801 893 893 denique
909 805 1030 874 omnia.
1082 804 1194 898 Atque
1221 801 1298 876 hinc
1311 808 1474 903 originem
1494 805 1581 878 suam
1603 805 1725 879 traxisse
1740 834 1800 880 no·

442 896 603 973 tissimum
622 898 707 995 apud
721 897 922 972 Christianos
937 905 1191 999 regenerationis
1215 927 1356 983 nomen,
1378 929 1476 975 nemo
1499 930 1586 977 nnnc
1611 928 1677 978 tam
1690 905 1798 1005 lippus

441 999 555 1095 estqui
567 1022 632 1069 non
645 998 765 1071 videat.
820 1001 901 1072 Non
912 1001 1108 1098 quodvelim
1123 1001 1513 1099 regenerationem‚nibil
1528 1004 1614 1075 aliud
1629 1005 1798 1103 essequam

442 1096 542 1172 talem
557 1101 772 1171 mutationem
788 1102 903 1178 natus,
920 1124 977 1197 per
993 1103 1158 1196 quandam
1172 1099 1260 1198 quast
1274 1105 1354 1196 juris
1370 1098 1548 1174 fidiionem.
1599 1104 1653 1175 Est
1667 1108 1799 1176 enima·
1897 1169 1900 1174 .

443 1195 559 1276 &uelis
578 1200 714 1269 mutatio
739 1198 896 1278 hominis,
922 1223 988 1295 qua
1013 1203 1044 1269 ei
1067 1205 1102 1270 in
1121 1205 1259 1296 peccatis
1274 1221 1367 1280 antea
1386 1223 1515 1275 mortuo
1538 1205 1604 1274 vita
1627 1198 1800 1301 spititualis

417 1349 418 1358 .
445 1321 505 1398 per
522 1300 578 1395 Sp.
597 1299 626 1367 S.
643 1298 778 1372 inditur.
831 1299 892 1373 Sed
910 1304 1036 1371 animus
1057 1302 1155 1371 modo
1175 1296 1239 1371 fuit
1259 1300 1447 1380 ostendere,
1467 1325 1531 1396 que
1551 1306 1674 1373 ratione
1693 1304 1800 1391 Judaei

416 1467 419 1492 q
445 1418 572 1474 veteres
593 1397 613 1488 <
627 1397 715 1468 unde
727 1421 853 1470 certum
871 1397 917 1468 eli
933 1396 1048 1469 multas
1067 1396 1224 1494 loquendi
1238 1396 1394 1472 formulae
1406 1422 1567 1472 mutuatos
1577 1398 1639 1472 elle
1652 1397 1800 1474 Ecclesiae

416 1787 418 1804 l

446 1491 566 1596 priscos
577 1495 750 1588 dodlores)
766 1494 853 1572 hisce
868 1498 908 1567 de
925 1494 1021 1568 rebus
1033 1495 1132 1569 locuti
1147 1494 1218 1570 fint.
1268 1498 1379 1597 Atque
1388 1496 1467 1570 hinc
1476 1499 1532 1585 eii,
1548 1502 1637 1596 quod
1647 1500 1800 1599 petlitin·

470 1595 545 1667 ebat
560 1597 676 1668 metito
693 1600 741 1670 D.
757 1595 847 1695 Jesur
865 1594 1022 1694 puerilem
1037 1596 1119 1669 hanc
1133 1598 1352 1695 ignorantiam
1372 1602 1408 1669 in
1428 1600 1635 1678 Nicodemo.
1659 1602 1718 1695 qui
1734 1620 1800 1670 tre·

446 1621 584 1768 buriam
598 1695 689 1768 istam
707 1700 793 1796 apud
814 1697 884 1768 suos
901 1692 1174 1794 Phrafiologiam‚
1196 1698 1307 1771 dndlor
1322 1695 1398 1770 licet
1415 1695 1483 1797 ipse
1506 1698 1708 1795 judaeorum,
1730 1722 1800 1772 nen

447 1792 658 1892 intelligeret.
710 1801 786 1897 Qua
794 1799 928 1893 quidem
942 1798 986 1867 ita
1002 1793 1227 1893 hicexplicare
1248 1794 1362 1878 libuit,
1378 1822 1446 1871 non
1468 1800 1691 1871 tantummodo
1705 1819 1740 1871 ut
1753 1801 1801 1870 ri-

447 1913 498 1970 tus
519 1891 716 1991 patescerent
735 1896 855 1992 quibus
870 1893 951 1968 olim
970 1891 1106 1993 gentiles
1121 1892 1290 1986 Judaismo
1311 1894 1551 1988 initiabantur3
1576 1894 1743 1970 sedetiam
1762 1916 1801 1971 ut
1842 1899 1855 1914 “

445 1997 611 2092 originem
627 1992 887 2067 Christianarum
902 1998 1166 2067 coerimoniarum
1182 2019 1221 2067 ac
1236 1993 1403 2069 Phrafium
1424 1998 1624 2069 indicareme
1648 2000 1803 2097 inprimis

445 2115 550 2192 quum
561 2090 688 2166 sortasse
703 2120 767 2167 non
783 2091 936 2168 omnibus
949 2093 1020 2166 haec
1038 2091 1140 2191 usque
1159 2119 1291 2193 quaque
1306 2094 1471 2195 explorata
1487 2120 1525 2169 ac
1540 2094 1637 2170 obvia
1655 2092 1726 2169 fint.

546 2190 669 2265 Nescio
684 2218 724 2265 an
739 2202 776 2267 dc
792 2192 871 2266 illud
888 2198 1053 2291 praeterire
1072 2193 1229 2276 debeam,
1254 2199 1400 2296 Paganos
1412 2192 1601 2295 scriptores,
1617 2194 1732 2269 barum
1748 2219 1802 2270 re·

446 2317 521 2368 runt
534 2295 713 2391 imperitis,
734 2292 935 2366 Christianos
949 2293 1136 2391 judaeorum
1150 2300 1287 2369 nomine
1300 2299 1478 2394 antiquitus
1492 2292 1683 2397 defignasse,
1705 2294 1748 2368 fic
1765 2315 1803 2370 ut

446 2399 725 2494 putarenteosqui
734 2392 867 2474 Chrislo
880 2417 1001 2466 nomen
1016 2393 1138 2466 dabant
1145 2396 1323 2493 judaizatos
1338 2402 1400 2492 (ut
1415 2398 1459 2468 ita
1470 2396 1603 2488 dicam)
1614 2394 1688 2469 elie.
1723 2399 1805 2494 Quo

444 2495 589 2594 pertinet
608 2510 703 2566 notus
719 2491 774 2565 ille
789 2496 937 2567 Suetonii
947 2491 1054 2575 locus,
1076 2491 1152 2566 Lib.
1164 2520 1201 2568 v.
1212 2496 1298 2594 Cap.
1308 2513 1396 2568 xxv.
1428 2490 1538 2594 Judeee
1549 2493 1700 2591 inpulere
1710 2497 1805 2567 cures

434 2590 490 2688 stu
500 2591 606 2684 effedue
617 2597 830 2665 tumultuantes
844 2601 940 2666 Rutu
957 2595 1082 2688 expulit.
1134 2597 1198 2666 Per
1211 2593 1387 2668 Chrelium
1402 2594 1495 2669 hune
1509 2593 1678 2668 Christum
1685 2595 1805 2675 notari.

446 2717 516 2767 non
539 2693 585 2765 eil
599 2687 828 2766 dubitandum.
878 2695 970 2767 Nam
991 2702 1028 2767 δι
1050 2692 1252 2768 Christianos
1276 2692 1484 2770 Chrestianus
1503 2691 1688 2768 Gentilibus
1701 2693 1804 2768 didos

446 2791 529 2873 eise,
545 2793 746 2891 jampridem
764 2790 805 2864 ab
817 2790 888 2864 aliis
899 2789 1060 2867 ostensum
1074 2793 1131 2865 est.
1184 2793 1413 2892 HincJudaeoa
1426 2792 1510 2867 male
1526 2797 1716 2882 nectentes,
1731 2786 1805 2867 exi·

444 2890 619 2968 stimabant
638 2895 670 2964 le
692 2896 772 2966 item
790 2889 995 2967 malefacere
1012 2891 1225 2968 Christianis:
1243 2890 1333 2994 quafi
1350 2915 1562 2993 utrorumque
1569 2891 1744 2994 religiones
1751 2895 1805 2965 in·

444 2993 569 3070 divulse
584 2990 643 3066 fibi
659 2995 775 3087 jundie
788 2992 903 3072 client,
923 2990 965 3066 stc
980 3015 1017 3069 ut
1033 2999 1129 3067 unius
1148 2998 1298 3067 interitus
1316 2993 1446 3065 alterius
1463 2993 1539 3066 esset
1555 3008 1728 3087 retempta.
1754 2998 1806 3064 ita

447 3095 601 3193 &ipitius
611 3091 700 3165 Hit.
714 3098 786 3166 Sat.
798 3091 879 3166 Lib.
893 3113 907 3163 ι
920 3114 949 3162 ι.
1001 3096 1226 3163 Arconneait'i
1241 3095 1279 3168 (r
1297 3088 1451 3183 ‘sicutipse
1464 3096 1652 3162 avernum
1665 3094 1807 3181 templum

448 3196 593 3291 imprimit
618 3188 791 3278 censebatur,
822 3210 879 3281 que
902 3192 1015 3282 pimius
1033 3186 1197 3285 iudeorum
1219 3190 1258 3265 ό*
1284 3187 1513 3279 christianorum
1533 3190 1632 3284 religia
1646 3192 1804 3261 toleretur.

489 3297 572 3386 uippe
585 3293 641 3361 bes
659 3290 806 3384 religiones
832 3291 897 3358 lieet
919 3291 1082 3358 emeterius
1095 3288 1182 3378 fibi,
1204 3289 1304 3359 iisdem
1325 3306 1426 3359 temen
1456 3287 1624 3362 neurim
1645 3286 1803 3384 prosedas.

449 3300 629 3481 &tissimus
638 3413 677 3460 ex
692 3385 797 3490 iudeis
813 3388 950 3475 extitaffe:
974 3386 1192 3476 tudicefiailute
1198 3386 1324 3481 stirpem
1331 3386 1425 3478 futile
1434 3389 1612 3482 periturum.
1664 3381 1805 3460 Causam

449 3491 547 3588 hujus
562 3501 762 3582 aeufemiae,
781 3491 848 3560 into
864 3484 1008 3560 absurdae
1022 3484 1289 3568 nomenclaturae,
1308 3511 1375 3561 non
1391 3484 1476 3558 banc
1490 3507 1617 3560 tantum
1634 3483 1697 3558 esse
1717 3481 1807 3556 arbi·

448 3614 537 3677 tror,
562 3592 649 3690 quod
664 3609 800 3687 utraque
816 3584 931 3685 religio
945 3592 980 3659 in
998 3586 1108 3685 Judaea
1124 3606 1221 3667 nata,
1246 3582 1357 3660 saltem
1376 3584 1500 3660 Christi
1519 3597 1555 3664 δι
1567 3579 1807 3660 Christianismi

449 3697 487 3766 ln
503 3693 614 3792 Judaea
628 3689 748 3761 natales
760 3708 873 3777 erant3
889 3683 944 3760 sed
958 3685 1090 3764 &illam
1101 3689 1309 3783 comprimis,
1333 3686 1423 3785 quod
1439 3681 1806 3758 videbantChtiitienoe

449 3793 637 3894 Judarnrum
649 3794 832 3888 Synagogas
851 3790 1050 3885 quandoque
1065 3784 1297 3882 frequentate(
1314 3809 1351 3860 nt
1368 3810 1407 3857 ex
1420 3782 1647 3885 Apostolorum
1662 3783 1751 3854 Auis
1766 3781 1806 3853 li·

451 3913 533 3991 quet
548 3895 567 3986 )
588 3901 623 3965 δι
640 3893 800 3986 quosdam
815 3888 922 3960 adhuc
937 3888 1122 3985 judaeorum
1146 3890 1225 3957 ritus
1242 3881 1418 3985 usurpare,
1451 3886 1570 3981 Jndaeis
1588 3884 1628 3956 ad
1646 3881 1806 3957 Christia-

450 3988 593 4065 nismum
609 3985 767 4061 converse
781 3990 814 4058 id
835 3985 1043 4085 urgentibus,
1071 3994 1104 4058 δι
1122 3986 1281 4083 Apostolis
1298 3989 1338 4058 ad
1347 4008 1474 4084 tempus
1482 3979 1756 4085 permittentibus,
1770 4001 1807 4057 ut
1824 4067 1829 4072 ,

445 4095 618 4192 synagoga
631 4095 695 4185 jaan
711 4107 838 4159 momua
853 4084 984 4158 honeste
995 4082 1194 4184 sepeliretur.

553 4199 602 4262 At
622 4189 673 4261 his
693 4183 814 4266 millis,
835 4187 1001 4257 videamus
1024 4189 1160 4280 quinam
1184 4207 1273 4256 nunc
1296 4182 1464 4280 postquam
1478 4180 1645 4284 Evangelii
1660 4183 1806 4257 doctrine

451 4288 551 4392 plene
564 4289 703 4364 revelata
721 4288 792 4366 eil,
816 4287 1012 4381 judaizantes
1025 4286 1172 4356 dicantur
1188 4291 1225 4357 de
1246 4285 1309 4354 dici
1328 4281 1477 4358 debeant.
1528 4281 1582 4356 llli
1589 4283 1738 4357 videlicet
1746 4286 1807 4377 qui

428 4389 508 4466 ‘vel
520 4414 634 4466 omnes
657 4387 709 4465 vel
725 4389 882 4486 quaedam
893 4388 1019 4458 Veteris
1031 4379 1164 4457 foederia
1180 4385 1380 4457 carimoniae
1390 4380 1570 4462 oum
1589 4381 1713 4463 volunt,
1725 4401 1807 4453 cott-

1183 4479 1259 4560 ba
1757 4497 1807 4553 tta
