4667 5442
587 492 683 605 138
868 457 1742 570 Exracrrnrro‘VI.

275 669 323 714 n·
400 657 494 740 epm
503 665 553 739 ju-
581 642 697 716 verbis
711 662 866 716 exornat.
917 644 1147 739 Opetaeenim
1160 636 1371 739 pretiumest
1385 631 1505 711 sedulo
1528 634 1714 718 inculcari,
1743 637 1788 711 &
1802 660 1944 711 accura-

280 725 295 754 ⁸
400 742 506 799 unaue
527 735 616 811 estre
629 740 816 837 perpendi,
844 739 1026 837 quomodo
1042 735 1075 810 se
1092 738 1243 822 mundus
1261 736 1445 835 paullatim
1466 732 1614 808 sensrbue
1635 737 1672 807 δι
1687 733 1860 807 fruitioni
1879 734 1941 808 ho-

518 829 522 842 '
580 837 684 907 minis
714 830 908 917 subducat,
946 834 1134 933 quomodo
1162 832 1343 906 facultates.
1378 855 1449 905 tam
1478 834 1608 906 mentis¹
1663 851 1745 904 uam
1780 835 1941 930 corporis

580 928 803 1014 defetiscant,
832 932 1016 1031 quomodo
1037 933 1150 1004 omnis
1169 933 1251 1004 vitae
1265 929 1444 1003 delcetatio
1455 924 1574 1001 sensim
1584 857 1703 1007 cellit,
1732 928 1941 1016 donectan-

579 1029 659 1100 dem
677 1032 746 1102 vita
767 1026 836 1127 ipsa
854 1055 932 1101 eum
945 1050 1056 1101 morte
1076 1048 1322 1100 commutetur·⁴
1374 1025 1505 1107 Unde,
1532 1028 1584 1098 uri
1600 1051 1623 1097 a,
1637 1025 1879 1099 celeberrimo
1890 1034 1941 1098 ln·

463 1204 465 1208 ,
579 1150 673 1221 prete
694 1124 857 1215 judiciose
877 1121 1093 1198 observatum
1107 1124 1173 1206 est,
1202 1123 1274 1198 lraee
1286 1124 1349 1194 tria
1364 1119 1633 1221 consequuntur„
1658 1129 1688 1193 1.
1705 1128 1798 1193 Non
1814 1119 1940 1213 elleju·

581 1225 660 1294 veni
678 1222 927 1319 gloriandum,
953 1246 1011 1292 aut
1025 1217 1290 1318 superbiendum
1311 1219 1442 1292 viribus
1456 1216 1523 1290 suis
1534 1267 1548 1300 ,.
1575 1222 1611 1290 &
1625 1219 1806 1291 alacritate
1819 1222 1940 1311 juven·

584 1321 682 1390 rutis.
733 1321 858 1401 Illis,
887 1319 971 1389 dum
984 1313 1116 1399 adsunt,
1131 1319 1175 1389 ad
1186 1317 1359 1390 Creatoris
1367 1312 1652 1414 glorificationem
1660 1315 1856 1389 utendum.
1884 1322 1940 1388 lll.

581 1416 720 1488 Mature
747 1413 1016 1490 renunciandum
1045 1409 1108 1484 elle
1129 1413 1297 1495 mundo,
1329 1436 1518 1510 antequam
1538 1413 1640 1491 nobis
1670 1405 1742 1511 ipse
1766 1415 1938 1488 nuncium

582 1533 712 1584 mrttat.
1258 1539 1261 1545 ·

402 1645 481 1710 mv,
495 1642 577 1722 Q,
682 1612 785 1682 XIV.
810 1605 875 1680 Nil
896 1603 975 1679 fime
986 1628 1107 1706 praeter
1119 1604 1300 1678 veritatem
1313 1606 1403 1678 dixit
1412 1603 1543 1687 noster,
1572 1606 1819 1703 quumdixit3
1838 1605 1938 1705 Q·

401 1739 453 1854 ss‘
466 1721 561 1778 iactrco
579 1704 659 1797 fivia
678 1702 870 1794 Ecclefiasles
896 1704 1022 1802 adsequi
1039 1702 1145 1777 verba,
1158 1699 1381 1784 deleiiabr'lia„
1405 1707 1449 1777 (r
1455 1701 1577 1798 sanguia
1583 1703 1708 1798 scripta
1725 1704 1841 1787 rede,
1866 1729 1938 1776 ver·

442 1797 565 1890 “W“
584 1804 626 1875 ba
638 1801 770 1892 fidelia,
793 1799 897 1873 verba
914 1801 1089 1898 sapr'entum
1099 1798 1222 1888 fimilia
1234 1800 1367 1879 aculei,
1394 1798 1823 1891 &fimiliaclaviainsirm
1843 1801 1940 1892 leiirl·

402 1868 683 2020 ssfflffiefima,
705 1904 828 1972 rralira
844 1896 1114 1994 apelloreeodenr
1126 1903 1396 1994 Caprxtrero,
1420 1920 1480 1969 11.
1528 1898 1701 2010 Exemplo
1714 1893 1783 1971 sint
1803 1924 1850 1971 ea
1889 1924 1939 1973 uae

402 2025 516 2099 „p„„·,‚
582 1991 798 2094 sequuntur,
826 1997 861 2067 in
885 1995 1012 2092 quibus
1026 1992 1239 2067 nethetor-
1254 1992 1458 2091 elegantiam
1479 2041 1494 2075 ,¹
1518 2020 1579 2066 nec
1599 1992 1840 2093 Philosophus
1850 1924 1938 2096 pilry·

381 2103 385 2107 '
581 2088 662 2168 ltces
682 2095 868 2193 peritiam,
892 2096 929 2164 &
948 2088 1133 2190 praesertim
1151 2088 1295 2162 humani
1314 2092 1469 2188 corporis
1489 2091 1729 2164 exaedfimam
1752 2087 1964 2167 scientiam

581 2186 764 2265 defideret.
812 2191 949 2262 Vitium
963 2191 1081 2285 itaque
1098 2186 1391 2285 voluptatumque
1411 2189 1693 2261 imminutionem
1716 2186 1788 2260 hoc
1818 2190 1939 2264 ordine

580 2289 772 2385 proponit,
795 2307 836 2358 ut
853 2285 897 2356 ab
916 2284 1158 2360 imbecillitate.
1176 2285 1306 2356 mentis
1323 2279 1421 2356 orsus.
1438 2280 1579 2365 sermo,
1603 2286 1684 2356 inde
1705 2289 1752 2357 ad
1773 2285 1939 2361 irnbecil·

580 2386 717 2461 litatem
740 2383 891 2481 corporis
911 2403 1047 2481 pergat.
1092 2385 1306 2454 Menacette
1349 2381 1495 2476 raecipua
1515 2379 1667 2454 hominis
1683 2406 1762 2479 pare
1790 2381 1876 2457 est:
1903 2409 1940 2457 ea

581 2504 671 2555 uero
683 2482 852 2580 quamdiu
870 2480 1062 2579 incorpore
1079 2473 1291 2576 hospitatur,
1317 2406 1361 2548 de
1380 2478 1532 2573 corporis
1547 2478 1785 2552 incommodis
1796 2483 1940 2580 partici-

581 2600 667 2678 pat3
692 2582 730 2650 ὃς
746 2577 789 2649 ab
805 2601 853 2647 eo
868 2576 958 2649 male
969 2575 1102 2647 adicito
1121 2573 1212 2646 male
1230 2575 1335 2648 etiam
1352 2569 1524 2647 adficitur.
1709 2625 1712 2631 ·

371 2743 375 2756 f
403 2712 469 2774 xv,
490 2709 611 2842 orsas
678 2678 772 2748 XV.
794 2679 852 2745 De.
871 2673 997 2745 mentis
1016 2670 1280 2753 imbecillitate,
1308 2694 1414 2768 quam
1432 2665 1563 2743 senium
1576 2672 1773 2769 importat,
1810 2672 1858 2752 fic
1874 2671 1938 2752 dis-

403 2786 572 2919 :bimban-
600 2770 695 2843 erit:
717 2775 816 2844 Dum
842 2789 928 2843 non
955 2793 1278 2842 onrrnrnnarun
1302 2792 1394 2849 eoa,
1425 2793 1475 2842 rr
1504 2795 1605 2852 rur,
1634 2794 1683 2841 ar
1710 2793 1860 2860 runa,
1889 2802 1935 2850 rr·

418 2863 568 2948 remmen-
587 2891 762 2941 ararum.
807 2864 919 2952 Quod
935 2911 952 2946 ,.
974 2865 1020 2936 ad
1038 2863 1234 2937 evitandam
1250 2865 1503 2963 tautologiam,
1532 2868 1575 2938 de
1593 2868 1736 2940 internis
1749 2869 1942 2949 microcos-

404 2955 451 3002 ''‘·
584 2962 839 3040 nri‘luminibus
852 2960 1041 3058 intelligo:
1065 2962 1109 3031 de
1124 2960 1277 3057 corporis
1290 2961 1384 3032 enim
1396 2961 1509 3035 oculis
1520 2987 1606 3036 mox
1615 2964 1818 3041 audiemus,
1871 2974 1939 3045 Hic

586 3061 705 3157 itaque
730 3053 938 3159 significatur
958 3058 1158 3138 imminutio
1182 3055 1405 3139 melleum,
1427 3061 1604 3133 memoriae
1629 3087 1667 3134 ac
1689 3063 1840 3153 judicii:
1862 3093 1941 3167 quae

586 3158 704 3231 omnia
721 3158 757 3229 in
772 3151 915 3228 senibus
933 3154 1108 3229 debilitari
1130 3151 1274 3238 solent,
1301 3175 1348 3228 ut
1366 3151 1463 3255 quasi
1483 3154 1713 3259 repuerascere
1739 3162 1940 3240 videantur.

585 3253 693 3330 Unde
710 3251 967 3354 proverbium,
1000 3257 1060 3327 Bri
1069 3257 1173 3349 pueri
1185 3252 1290 3343 fenest
1334 3259 1420 3328 Non
1440 3279 1560 3356 putem
1585 3282 1669 3331 uero
1695 3257 1941 3361 philosophice

585 3349 643 3428 hic
661 3353 770 3426 nimis.
791 3347 1035 3449 distinguenda.
1050 3346 1114 3425 elle
1131 3346 1241 3425 solem
1262 3398 1280 3435 ,
1302 3350 1452 3437 lucem,
1474 3353 1621 3436 lunam,
1645 3354 1785 3429 stellasa
1811 3381 1856 3431 ut
1882 3385 1940 3459 per

584 3444 696 3522 solem
709 3447 922 3545 intelligatur
939 3442 1092 3543 lirperior
1106 3450 1231 3521 animae
1243 3475 1343 3547 pars,
1370 3454 1572 3549 primarium
1584 3450 1702 3524 lumen
1721 3454 1939 3531 intelleims:

487 3581 500 3596 =
584 3545 793 3645 perlucen,
815 3542 993 3613 inferiores
1010 3563 1124 3640 partes
1145 3545 1269 3617 animae
1293 3548 1471 3620 rationalia
1486 3593 1503 3626 ,¹
1531 3546 1722 3620 intellee'tus
1741 3570 1859 3640 quem
1878 3579 1941 3627 vo.

580 3638 859 3738 eantpallnrusr
879 3661 942 3733 per
961 3635 1080 3710 lunam
1100 3684 1112 3722 ,
1138 3639 1200 3712 illa
1222 3641 1347 3713 enimae
1369 3666 1447 3739 pars
1492 3666 1546 3714 uae
1573 3640 1750 3714 rationalis
1770 3666 1851 3721 non
1873 3649 1937 3736 est,

584 3740 707 3837 aliquo
725 3757 842 3808 tamen
854 3732 966 3806 modo.
974 3736 1117 3810 rationis
1151 3735 1323 3849 artieeps:
1371 3667 1530 3811 erstellas
1544 3783 1561 3820 ,.
1583 3729 1939 3824 πάνταμνυμοηόοφτι,

585 3858 711 3908 omnes
727 3827 890 3931 species,
914 3853 1024 3944 quae,
1046 3856 1109 3905 ceu
1125 3760 1236 3908 llellae
1258 3763 1461 3909 moriribus,
1484 3831 1552 3907 suis
1566 3881 1588 3917 .„
1611 3838 1789 3907 memoriae
1820 3836 1943 3914 infixae

584 3928 730 4004 haerent.
749 3951 751 3956 ·
770 3931 871 4039 επε-
885 3951 978 4003 emm
995 3923 1210 4015 subtiliora,
1232 3955 1345 4029 quarn
1357 3927 1525 4005 solidiora:
1539 3927 1617 4006 sunt
1633 3956 1647 4018 3
1670 3957 1784 4031 neque
1801 3933 1842 4006 in
1859 3959 1942 4011 ver·

584 4026 641 4099 bis
659 4032 816 4099 Oratorrs
829 4022 959 4107 nostri,
983 4050 1096 4125 neque
1118 4029 1155 4102 in
1174 4029 1235 4101 rei
1260 4024 1296 4102 l'a.
1305 4030 1473 4103 idoneum
1484 4030 1745 4103 fundamentum
1757 4028 1941 4116 habentia.

585 4121 717 4197 Sufficit
727 4121 870 4194 indicari
883 4144 1044 4220 magnam
1052 4053 1481 4213 mentisobicumionem3
1506 4152 1653 4225 eamque
1666 4127 1838 4226 gradatim
1852 4153 1944 4226 pro-

585 4219 787 4302 cedentem,
815 4240 854 4291 ut
870 4244 949 4319 quae
966 4219 1032 4294 lux·
1045 4223 1201 4321 primum
1216 4223 1332 4298 linerat
1343 4220 1444 4297 i'nliar
1459 4220 1542 4298 solis
1562 4271 1573 4307 ‚
1604 4225 1686 4299 dein
1701 4220 1741 4298 srt
1759 4220 1865 4299 instar
1881 4226 1950 4301 lu·

648 4363 662 4405 ,
687 4340 776 4398 mox
793 4314 896 4396 inllar
913 4314 1111 4451 stellarem,
1138 4319 1250 4432 donec
1262 4323 1300 4397 δι
1317 4319 1391 4399 haec
1408 4320 1663 4402 obtenebretur.

1823 4517 1942 4601 XVI.
