4667 5442
661 493 783 592 Dr*
846 426 1531 617 Most-riserit.
1698 507 1802 620 1232

438 657 486 734 nd
502 681 625 732 omncs
642 661 858 756 Logicoritm
880 662 1044 734 minutias
1066 661 1170 732 nimis
1199 653 1261 731 esse
1282 653 1530 756 scrupulosum.
1580 655 1794 753 Non‘perti-
1852 725 1856 732 .

440 752 560 831 mestit
578 758 776 830 miniatulas
806 783 897 833 ceras
911 758 1039 833 nostras
1062 760 1191 830 Divina
1213 754 1383 830 sacrorum
1408 777 1526 826 vatum
1541 754 1653 826 oratio
1673 779 1693 841 ,²
1721 775 1793 827 non

440 855 558 928 minus
580 853 707 928 idcirco
731 851 863 953 sapiens
887 905 898 939 ,
934 853 1035 955 quod
1066 857 1178 947 jejuna
1204 850 1397 927 scholarum
1414 873 1600 951 praeccpta,
1627 851 1680 920 uti
1705 848 1793 921 infir

439 949 650 1041 majestatem
668 946 763 1024 suam
784 949 915 1051 posita,
943 979 984 1026 ne
1013 952 1098 1051 ligat
1117 976 1221 1050 atque
1241 948 1415 1048 despiciat.
1436 957 1440 964 '
1467 948 1647 1046 Sapientia,
1664 947 1735 1037 ejus
1754 947 1793 1020 in

438 1048 562 1120 abdito
588 1045 661 1121 est:
688 1072 828 1146 quam,
855 1048 917 1124 nisi
936 1051 972 1123 fo
1000 1052 1103 1123 iendo
1117 1054 1154 1122 &
1176 1047 1388 1128 scrutando,
1415 1071 1485 1120 non
1507 1040 1699 1140 assequaris.
1753 1040 1794 1114 ld

438 1144 497 1217 vel
520 1142 650 1234 hujus,
679 1170 786 1242 quani
804 1143 899 1219 'nunc
916 1174 988 1247 prae
1013 1149 1171 1220 manilius
1196 1145 1391 1225 habemus,
1417 1144 1587 1241 pericupae
1609 1141 1796 1213 accuratior
1820 1158 1824 1172 '

438 1242 576 1314 evincet
599 1237 768 1315 discussio.
820 1248 918 1317 Dum
936 1245 1092 1317 brevitati
1116 1243 1226 1316 studet
1243 1239 1452 1340 Apostolus,
1480 1244 1590 1310 multa
1609 1239 1725 1334 paucis
1747 1233 1794 1308 est

438 1337 661 1435 complexus.
713 1341 829 1420 Binae,
858 1367 946 1438 quas
970 1342 1058 1413 inter
1076 1336 1109 1412 se
1129 1339 1278 1419 confert,
1308 1331 1586 1433 Hierosolyinae,
1616 1360 1684 1404 non
1702 1354 1796 1404 tem·
1892 1349 1896 1355 '

436 1435 536 1535 poris
548 1434 679 1517 modo,
705 1432 915 1520 sed&loci,
943 1433 1010 1509 sive
1028 1437 1158 1510 indolis
1182 1483 1194 1519 ,
1233 1434 1380 1508 notabili
1396 1427 1591 1530 discrimine
1609 1424 1794 1524 sejungun-

439 1553 512 1605 tur.
563 1533 751 1630 Temporis
774 1530 984 1617 discrimen,
1012 1536 1138 1631 prioris
1171 1561 1183 1618 3
1220 1533 1317 1613 loci,
1346 1530 1543 1628 posterioris
1566 1522 1818 1628 oppositionis·

436 1649 535 1729 parte
555 1627 696 1703 indicat.
746 1635 868 1719 Quum
892 1634 985 1706 enim
1004 1634 1104 1711 dicit,
1132 1626 1379 1729 Hierosolyma
1396 1650 1476 1725 quae
1501 1651 1582 1698 nunc
1603 1623 1682 1705 est,
1719 1618 1792 1731 fieri

437 1750 512 1799 non
561 1726 682 1808 otest,
698 1728 785 1823 quin
799 1746 951 1801 attentus
968 1724 1283 1827 Lestorperspicirt
1304 1774 1316 1807 ,
1347 1748 1422 1795 eam
1446 1748 1526 1822 quae
1545 1722 1625 1795 huic
1642 1743 1793 1818 opponi·
1825 1812 1828 1817 Ι

439 1842 499 1895 tut
517 1748 665 1913 situram
680 1822 755 1898 esl'e.
807 1820 959 1907 Rursus,
988 1847 1099 1921 quum
1120 1825 1227 1906 dicit,
1258 1818 1500 1920 Hierosolyma
1509 1845 1591 1918 quae
1607 1817 1704 1986 sppra
1718 1815 1789 1895 est,

438 1942 497 1993 res
516 1915 585 2016 ipsa
606 1919 764 2017 loquitur
780 1917 956 2001 terrosrem
977 1918 1043 2012 else
1065 1921 1208 1994 alteram
1227 1921 1324 1993 illam
1349 1922 1515 2016 priorem.
1565 1922 1611 1989 Et
1642 1937 1671 1991 ic
1694 1913 1790 1986 idem

438 2011 607 2091 concisius
623 2015 762 2096 docuit,
791 2016 891 2113 quod
902 2043 968 2092 nos
984 2017 1142 2117 pluribus
1155 2015 1288 2091 forcalle
1301 2018 1578 2113 exsequeremus.
1632 2065 1635 2073 ·
1743 2067 1782 2119 .·
1915 2045 1948 2114 ‘f

537 2116 626 2185 XX.
652 2113 808 2213 Superest
835 2115 1016 2189 novissima
1032 2116 1067 2187 in
1087 2115 1203 2188 verbis
1222 2116 1429 2196 difficultas,
1457 2129 1565 2210 quam
1581 2113 1619 2183 &
1641 2117 1789 2199 Coccejm
1798 2097 1870 2239 'gx‘
1953 2142 1956 2150 ’

437 2209 682 2283 animadvertit
712 2208 831 2283 &hac
853 2213 985 2284 ratione
1014 2211 1130 2285 diluit.
1157 2218 1200 2297 s·
1226 2232 1306 2300 109.
1358 2217 1402 2285 In
1417 2211 1562 2300 sermone
1583 2205 1727 2304 Apostoli
1749 2204 1790 2290 est
1832 2193 1972 2242 Μ’*

439 2301 643 2374 &iudaeam
686 2315 769 2384 Non
786 2308 1197 2399 enimsecundir'essammi
1209 2313 1394 2383 mentionem
1404 2306 1500 2400 facit.
1549 2314 1705 2381 Attamen
1724 2328 1793 2377 rem
1974 2334 1981 2348 ⁴

434 2393 537 2585 'psam
555 2396 661 2477 ocii,-
687 2410 731 2480 Θ
747 2411 907 2484 commite
919 2411 1007 2480 dicit.
1058 2411 1239 2480 Brevitaui
1251 2404 1416 2491 studium,
1441 2408 1484 2482 (r
1494 2402 1576 2499 fuga
1595 2404 1725 2500 repetiti
1737 2403 1792 2475 nir

463 2516 536 2562 nam
547 2495 584 2564 de
586 2489 722 2580 secundo
733 2502 928 2589 Testamenta
942 2505 1143 2578 inritauerat
1152 2522 1219 2597 cap.
1242 2528 1306 2579 iii
1335 2529 1345 2576 t
1373 2514 1390 2581 8
1425 2500 1620 2597 lirmftcir
1640 2502 1696 2574 boc
1714 2494 1789 2565 doa-

435 2587 582 2659 όλῦθθν·
627 2596 747 2672 ltaest.
775 2594 1790 2701 ndstripturaruminteileeumemrequrituinbepimm

436 2694 670 2776 troparium,
695 2723 734 2771 ae
748 2696 896 2810 diligens
908 2699 1094 2781 locorum,
1122 2699 1252 2796 quibus
1275 2699 1319 2771 de
1343 2699 1462 2772 eadem
1483 2700 1596 2799 agitur
1622 2707 1787 2787 materia,

439 2794 599 2869 collatio.
648 2800 746 2869 Dum
774 2819 870 2893 prius
892 2795 1152 2869 Testamentum
1180 2799 1335 2895 exponit·
1349 2798 1442 2897 typis
1461 2800 1595 2880 tribus,
1625 2800 1791 2877 nimirum
1880 2875 1883 2880 ,

437 2899 553 2967 mutii
566 2897 662 2973 Sina,
686 2897 822 2986 Agam,
847 2895 885 2965 dc
902 2894 1202 2991 Hierosolymarius
1212 2894 1363 2980 nuncest:
1384 2896 1545 2994 quamvis
1561 2920 1631 2970 non
1652 2890 1791 2995 expres·

438 2983 598 3073 sedicat,
625 3009 881 3079 attentotamen
893 2991 1032 3065 Leitori
1051 2989 1130 3066 satis
1151 2992 1283 3075 innuit,
1319 2998 1422 3084 priori
1443 2990 1632 3076 Testamenta
1650 2996 1792 3095 respon·

437 3085 707 3172 derevoserim
733 3092 844 3162 monti
864 3093 940 3161 Sina
962 3112 1120 3163 montem
1138 3095 1241 3172 Sion,
1264 3089 1363 3186 quod
1386 3115 1508 3163 omnes
1531 3093 1791 3188 propemodum

435 3184 623 3283 Prophetae
639 3184 813 3266 clamant,
838 3189 877 3258 &
901 3184 972 3283 ipse
995 3184 1208 3258 disertissime
1227 3187 1367 3259 tdnur
1385 3186 1478 3259 Heb.
1497 3210 1567 3260 xii
1598 3214 1608 3260 t
1636 3198 1701 3271 18,
1730 3213 1789 3263 22.

436 3286 689 3377 AgariSaram3
714 3278 972 3378 Hierosolymae
988 3281 1299 3366 terrestrisoe'rstcm.
1351 3282 1405 3355 Ex
1414 3285 1476 3363 iis,
1503 3286 1791 3380 quaepartiman·

436 3377 701 3459 tecedentibus,
728 3379 853 3475 partim
868 3378 952 3448 alibi
966 3377 1008 3447 ab
1027 3376 1195 3475 Apostolo
1216 3379 1383 3475 explicata
1398 3373 1497 3458 sunt,
1526 3379 1625 3452 facile
1643 3380 1690 3451 est
1711 3376 1791 3477 siip-

437 3475 537 3575 plere
555 3499 637 3573 quae
656 3477 872 3570 comm-26.
892 3475 929 3546 in
951 3475 1106 3548 oratione
1124 3468 1244 3546 omissa
1259 3468 1321 3545 esse
1344 3472 1517 3549 videntur.
1570 3477 1695 3553 Voluit
1711 3478 1792 3576 Spi-

438 3573 527 3651 ritus
540 3577 681 3647 Sanstus
693 3573 728 3645 in
748 3572 997 3671 Scriptuiarum
1009 3567 1172 3648 scrutinio
1188 3571 1324 3671 aliquid
1341 3572 1445 3648 nobis
1463 3570 1614 3673 relinqui
1635 3572 1681 3647 ad
1694 3597 1793 3650 exer·

440 3672 562 3751 citium
574 3670 777 3769 diligentiae.

539 3770 643 3842 XXl.
670 3758 800 3865 Atque'
813 3765 975 3842 haetenus
995 3769 1166 3843 Criticum
1188 3762 1289 3870 egisse
1309 3759 1434 3844 videor
1456 3814 1469 3850 ,
1508 3772 1597 3842 circa
1619 3765 1879 3845 verborumxxi.

440 3863 727 3941 eonstiueionem
737 3888 842 3963 atque
856 3864 1256 3964 expositionemhaerens.
1306 3871 1411 3941 Nunc
1421 3864 1602 3965 Theologi
1614 3866 1699 3939 milii
1714 3883 1792 3967 pa'r-
1804 3860 1954 3955 offerrer-

441 3983 497 4037 tes
514 3959 675 4042 sumam,
703 3985 784 4060 quae
803 3966 838 4035 in
850 3989 958 4036 rer-tn
975 3959 1120 4063 ipsarum
1141 3967 1362 4065 perceptione
1385 3959 1453 4036 sitae
1471 3959 1548 4036 sunt
1570 3964 1790 4038 difficultates
1800 3956 1880 4089 {ss
1890 3936 1967 3997 '‘⁶''

443 4054 725 4133 consideraturus.
777 4060 975 4159 Ubiprimo
992 4064 1139 4135 occurrit
1148 4063 1269 4160 ingens
1287 4060 1376 4134 illud
1391 4057 1590 4160 quaesitum:
1610 4087 1652 4133 an
1663 4032 1824 4161 δίψαν
1860 4058 1870 4079 “

440 4157 499 4230 vis
509 4156 544 4228 in
556 4155 741 4254 allegorici
751 4153 920 4244 ejusmodi
939 4160 1187 4255 scripturarum
1198 4155 1423 4260 expositione,
1435 4156 1480 4230 ad
1493 4157 1669 4258 dogmatis
1682 4161 1792 4232 alicu·

441 4250 717 4351 jusTheolugici
729 4256 991 4354 probationem,
1019 4259 1055 4329 δι
1072 4256 1266 4329 animorum
1277 4257 1551 4339 convictionem,
1583 4253 1623 4329 sit
1644 4254 1662 4327 ἓ
1684 4263 1793 4330 ltem·

445 4373 542 4449 que,
567 4346 676 4449 fiquae
687 4354 738 4424 vis
750 4350 797 4425 est
807 4379 841 4426 in
852 4351 1029 4453 allegoriis
1039 4349 1089 4425 scr
1083 4353 1263 4519 ¹pturariis
1281 4399 1292 4435 ,
1319 4376 1359 4425 an
1373 4352 1435 4425 illa
1459 4356 1558 4426 unice
1577 4349 1737 4427 fundetur
1754 4355 1793 4428 in

442 4450 646 4527 auetoriute
658 4447 878 4551 Apostolica,
900 4451 1080 4550 anrnreip
1126 4494 1137 4530 ,
1164 4453 1204 4525 δι
1221 4452 1389 4529 concinne
1408 4451 1486 4553 typi
1507 4475 1588 4531 eum
1603 4452 1791 4549 antitypoi

1091 4355 1099 4422 ῑ

1096 4475 1115 4519 a

987 4550 1275 4670 ,on
1747 4567 1795 4629 ex
