4667 5442
573 469 672 582 668
892 467 1111 564 Osirio
1146 459 1620 586 insaniarum,

574 669 682 744 quam
696 636 805 718 vitrea
823 633 908 723 fint,
935 663 1016 737 quae
1034 631 1117 711 salso
1134 657 1259 710 aeterna
1279 635 1536 719 credebantur,
1565 635 1620 708 ad
1641 635 1797 712 coelellia
1812 635 1906 712 anhela

574 764 722 822 remus,
757 740 794 809 ὃ(
811 731 921 834 ipsum
938 736 1025 807 adeo
1046 735 1122 808 coeli
1145 737 1369 815 Dominum,
1397 736 1460 830 qui
1483 733 1634 806 stabilis
1666 760 1814 809 nianens
1831 743 1906 810 osu

574 836 709 912 moveri
721 832 811 907 facit.
864 838 991 930 Neque
1009 832 1076 902 Dei
1094 829 1263 902 duntaxat
1281 855 1384 927 opera
1401 828 1635 928 Theologus
1657 831 1779 908 noster
1796 857 1906 906 turrea

572 932 687 1031 pletur
705 977 716 1014 ,
745 927 803 1002 sed
819 928 1045 1027 &quidquid
1060 925 1208 998 humana
1223 925 1387 1000 industria
1403 926 1448 999 ad
1469 950 1648 1000 mentem
1664 930 1704 1000 in
1728 933 1907 1004 veritatisir·

572 1027 795 1124 vestigatione
813 1023 1048 1125 dirigendam,
1075 1022 1122 1095 ad
1138 1022 1315 1120 linguam,
1341 1045 1381 1095 ut
1396 1023 1626 1097 commodus
1641 1029 1781 1100 mentis
1789 1029 1907 1124 incripta

573 1121 637 1208 sit,
661 1122 932 1203 informandam,
956 1121 1187 1218 excogitavit,
1207 1121 1242 1189 in
1268 1141 1448 1216 comperto
1467 1117 1611 1192 habere
1631 1121 1826 1196 allaboret.
1864 1127 1906 1196 [a

572 1224 680 1317 gicae,
708 1220 974 1299 Grammaticae,
1002 1217 1196 1288 Rhetoricae
1208 1214 1385 1313 magistros
1395 1213 1481 1286 haut
1501 1215 1764 1313 perfundorie
1779 1215 1905 1304 tonsure

573 1318 647 1391 illis
664 1339 703 1388 ut
720 1317 805 1387 olim
827 1309 981 1387 lsrailitae
995 1312 1194 1384 Gibeonitis
1211 1333 1310 1383 utens
1329 1354 1341 1393 ,
1369 1314 1431 1406 qui
1448 1311 1563 1408 lignis
1588 1309 1808 1398 findendis,
1832 1317 1905 1412 aqi'r·

600 1438 644 1485 ue
662 1416 696 1485 in
716 1408 813 1483 usum
825 1410 1007 1483 Sansiuarii
1019 1407 1234 1488 hauriendis,
1262 1432 1402 1503 operam
1419 1405 1617 1483 navabant.
1678 1409 1904 1492 lllidelinirsd,

573 1439 774 1589 dividendi,
799 1503 999 1603 disponendi
1017 1525 1184 1602 praecepta
1202 1504 1362 1585 tradant,
1390 1501 1425 1574 hi
1444 1528 1536 1600 pure
1564 1531 1610 1580 ac
1633 1505 1760 1593 terse,
1787 1511 1852 1584 inro
1865 1509 1904 1580 cb·

573 1627 692 1705 ganter
711 1607 814 1676 etiam
833 1605 871 1675 δι
890 1603 1071 1675 flexanime
1094 1599 1229 1673 dicendi
1250 1623 1358 1672 artem
1374 1599 1550 1682 doceant,
1580 1627 1630 1676 ut
1655 1602 1706 1678 sic
1721 1610 1853 1704 utrique
1866 1605 1903 1678 ur·

573 1700 794 1775 tabernaculo
821 1695 1079 1772 inservientibus
1099 1695 1265 1794 aptissime
1289 1696 1509 1770 famulentur.
1567 1708 1765 1800 Praecepta
1784 1709 1904 1778 viminu

576 1823 620 1872 ex
637 1793 924 1896 philosophorum
942 1795 1097 1893 placitis,
1125 1793 1285 1889 exempla
1298 1818 1343 1864 ex
1354 1791 1577 1869 historiarum
1592 1805 1844 1876 monumentis
1853 1823 1902 1872 car·

571 1916 690 1992 gerat,
716 1917 755 1965 ut
771 1891 826 1964 vel
843 1893 888 1963 ad
906 1893 1069 1966 ulteriora
1085 1888 1238 1963 tendenti
1256 1888 1363 1962 calcar
1380 1883 1466 1971 sint,
1487 1891 1579 1975 vel,
1605 1889 1636 1966 si
1663 1896 1705 1968 id
1729 1901 1838 1972 minus
1849 1921 1900 1994 pra·

572 1995 676 2073 stant,
699 1989 926 2088 turpissimum
944 1989 1146 2088 languorem
1166 1989 1203 2058 &
1221 1988 1379 2058 inertiam
1394 1988 1617 2082 exprobrare
1642 1993 1803 2070 valeant.
1827 1997 1900 2068 vm

571 2088 708 2186 linguas
726 2083 845 2158 sedulo
865 2084 1036 2166 addiscat,
1061 2108 1116 2156 eas
1136 2104 1213 2154 ante
1232 2084 1368 2162 omnia,
1397 2081 1531 2180 quibus
1553 2089 1726 2166 celestia
1744 2085 1898 2167 oncuhhr

572 2184 672 2258 edere
690 2184 851 2283 dignatus
871 2178 917 2255 est
932 2188 1028 2255 Deus
1047 2211 1055 2257 :
1083 2202 1121 2253 ut
1134 2185 1248 2252 Deum
1258 2180 1400 2277 proprio
1412 2180 1590 2258 idiomate
1602 2185 1824 2284 loquentem
1832 2183 1896 2262 iisd·

571 2281 657 2381 ligat
676 2327 687 2363 ,
717 2305 831 2378 neque
855 2281 1038 2376 interprete
1058 2276 1151 2374 apud
1170 2301 1251 2348 eum
1269 2282 1367 2350 Deus
1380 2277 1540 2375 indigeat
1560 2287 1634 2379 qui
1653 2283 1736 2381 ipse
1755 2289 1819 2361 Dei
1832 2289 1898 2358 hr-

570 2380 701 2475 pres&
720 2401 759 2450 os
775 2376 883 2451 audit.
935 2375 1114 2473 Quicquid
1135 2372 1345 2447 inhumanis
1364 2374 1493 2449 artibus
1505 2374 1586 2452 sam
1609 2382 1657 2454 δι
1676 2378 1813 2466 sobrii,
1833 2381 1897 2480 qui·

571 2472 660 2572 quid
679 2477 713 2546 in
736 2470 957 2570 philosophia
977 2477 1048 2545 veri
1072 2469 1232 2547 &solidi
1255 2517 1267 2554 ,
1295 2473 1465 2568 quicquid
1488 2473 1525 2545 in
1544 2477 1750 2572 politioris
1766 2481 1898 2556 literanis

571 2591 737 2668 apparatu
757 2571 923 2665 elegantis
947 2574 984 2642 ὃ(
1001 2569 1115 2644 decori
1132 2567 1178 2640 est
1200 2613 1212 2649 ,
1239 2568 1276 2640 id
1296 2592 1434 2640 omnea
1458 2575 1564 2642 Patre
1586 2574 1802 2660 luminum,
1824 2573 1898 2650 omi

572 2667 714 2778 rationis
725 2666 936 2833 auveritatis,
966 2665 1163 2765 elegantiae,
1190 2664 1388 2738 inexhausto
1403 2664 1500 2738 fonte
1513 2692 1727 2762 promanat
1745 2705 1755 2748 ι
1781 2667 1897 2774 quodid·

572 2786 665 2836 circo
677 2784 723 2832 un
751 2790 760 2833 1

763 2785 833 2929 eppe
849 2762 1030 2836 collectum
1052 2758 1113 2860 ipsi
1138 2756 1392 2836 rursussacrum
1414 2758 1485 2834 fieri
1504 2764 1636 2842 debet.
1701 2767 1893 2846 Minoaue
1931 2797 1934 2896 p

570 2861 762 2934 &terrena
807 2883 893 2933 aecee
913 2861 1112 2942 videantur,
1140 2881 1290 2933 attamen
1310 2861 1652 2939 minuta&terrena
1679 2869 1745 2944 illa
1762 2863 1892 2944 acussn
1932 2899 1934 2904 ·

596 2954 699 3028 uibus
718 2979 817 3027 aurea
838 2957 1021 3028 veritatum
1040 2954 1224 3029 coelestium
1249 2953 1305 3031 lila
1320 2957 1625 3042 introducamus,
1661 2968 1706 3039 δι
1725 2969 1834 3040 animis
1853 2983 1895 3034 rr·
1932 2980 1934 3008 ¹

569 2981 643 3128 diis
660 3048 801 3124 firmiter
819 3049 1015 3125 insuamus:
1042 3048 1283 3149 speculasunt,
1308 3078 1456 3150 quorum
1468 3054 1711 3135 adminiculo
1724 3057 1897 3136 subtilium

569 3174 683 3224 rerum
701 3145 1007 3247 supernaturalium
1026 3150 1195 3249 imagines
1213 3153 1322 3225 oculis
1337 3150 1458 3223 nostris
1476 3159 1670 3232 renovatis
1685 3157 1800 3234 'clarius
1812 3151 1892 3254 pud·
1932 3167 1934 3174 '

568 3249 720 3344 piantur.
771 3245 983 3320 Rudimenta
1013 3243 1086 3322 haec
1107 3248 1211 3321 futuri
1228 3246 1406 3344 Theologi
1424 3242 1521 3330 sint,
1551 3254 1706 3346 quibus
1727 3243 1895 3356 superciliose
1932 3267 1934 3272 ’

462 3433 464 3438 Ι
571 3339 692 3440 spretis
713 3346 773 3416 vix
792 3342 859 3425 est,
882 3367 921 3416 ut
942 3369 1019 3419 cuni
1034 3367 1154 3444 optato
1177 3343 1285 3416 frusto
1298 3347 1333 3416 in
1353 3343 1593 3440 superioribus
1607 3349 1799 3438 versetur,
1820 3353 1903 3426 &no-

565 3443 652 3514 mini
667 3465 704 3512 ac
730 3441 844 3512 officio
864 3436 926 3514 suo
942 3436 1135 3515 satisfaciat.
1187 3439 1256 3512 Sed
1279 3441 1473 3514 rudimenta
1491 3463 1630 3520 tamen.

660 3536 784 3610 Nolim
803 3540 895 3610 enim
916 3534 972 3611 hic
997 3561 1134 3612 aetatem
1164 3559 1271 3610 terere
1293 3536 1517 3634 Theologum
1540 3564 1693 3621 meum.
1738 3551 1794 3622 Ex
1811 3539 1903 3620 hund

565 3631 668 3708 isthac
688 3656 814 3707 naturae
831 3629 944 3709 schola
969 3634 1004 3708 in
1027 3632 1062 3706 su
1091 3635 1180 3706 erius
1197 3635 1378 3730 Scriptura
1392 3629 1615 3734 gymnasium
1639 3641 1833 3720 adscendat
1851 3671 1861 3716 ι
1878 3641 1901 3712 u

564 3730 610 3801 ad
626 3729 778 3827 Magistri
795 3733 862 3802 Dei
878 3731 984 3829 pedes
1004 3732 1046 3803 de
1061 3731 1181 3810 idetis,
1210 3755 1255 3804 ex
1275 3727 1379 3827 ipsius
1401 3755 1460 3804 ore
1478 3731 1602 3806 abdita
1622 3733 1758 3815 salutis
1777 3739 1904 3839 mysteri

438 3863 442 3870 ·
561 3821 689 3905 discat,
719 3852 797 3923 quae
808 3852 870 3900 nec
886 3827 1008 3901 oculus
1017 3828 1130 3910 vidit,
1150 3850 1213 3899 nec
1222 3829 1356 3900 audivit
1365 3829 1480 3913 auris,
1505 3853 1589 3926 quae
1605 3839 1905 3944 nemoprincipsq

558 3919 663 3996 seculi
682 3920 784 4011 huius
805 3927 996 4022 cognovit3
1022 3949 1101 4022 quae
1119 3922 1214 3996 nulla
1232 3923 1504 4020 quantumlibet
1521 3922 1909 4030 subauarauoexeop·

559 4039 630 4090 tare
648 4020 741 4114 potis
767 4019 841 4108 est,
868 4024 904 4092 &
928 4045 1008 4117 quae
1028 4019 1176 4095 coelestes
1198 4019 1412 4118 Angelorum
1439 4018 1534 4094 chori
1555 4067 1569 4102 ,
1597 4027 1741 4126 jugiter
1762 4031 1845 4104 licet
1858 4027 1909 4104 Dei

561 4116 680 4188 faciem
707 4118 1009 4214 contemplantes,
1037 4120 1153 4192 cernui
1173 4110 1373 4192 scrutantur.
1425 4123 1465 4190 In
1500 4123 1635 4194 arcanis
1666 4129 1909 4224 scripturam

557 4210 681 4292 libris,
703 4236 814 4308 neque
836 4210 965 4310 uspiam
976 4238 1066 4290 nunc
1082 4215 1188 4296 alibi,
1217 4210 1405 4288 sacratioris
1426 4207 1601 4310 sapientiae
1617 4214 1755 4296 secreta
1816 4225 1910 4298 nduu·

556 4329 623 4381 tur.
660 4309 839 4404 Qicquid
862 4334 905 4381 ex
924 4313 968 4382 iis
989 4333 1058 4384 non
1084 4311 1241 4392 eruitur,
1279 4309 1448 4407 quicquid
1474 4311 1518 4383 iis
1543 4336 1619 4388 non
1647 4249 1907 4418 superlliiiirur,

557 4404 727 4506 quicquid
754 4427 833 4483 eum
851 4406 978 4484 huon
996 4408 1200 4488 exseruisse
1225 4403 1425 4506 conspirat,
1457 4431 1742 4517 quantacunque
1764 4413 1800 4492 se
1814 4413 1909 4524 subli-

1293 4563 1299 4574 ·
1805 4533 1910 4590 mlo&
