4667 5442
571 511 1523 645 242xExonc1TA'r10
1592 510 1736 610 XI.'

565 703 717 783 poterat,
741 684 877 781 inquit,
904 678 1130 778 magnificentia
1142 675 1361 763 oelflrullura
1381 682 1480 777 operia
1489 679 1596 781 aliqua
1606 700 1756 779 exparte
1758 678 1924 780 superati.

569 787 631 853 Sed
655 798 724 863 tota
742 786 865 875 quidem
882 805 970 853 muro
985 796 1046 876 per
1076 799 1130 869 30.
1150 774 1271 851 cubitos
1290 782 1373 850 edito
1395 779 1495 853 cinlla
1514 798 1594 854 erat.
1643 780 1802 878 AEquala's
1823 798 1927 852 aunem

568 878 717 959 diliantia
735 874 878 950 turribm
899 873 1095 966 ornatissmit
1108 872 1328 955 ambiebatur,
1352 892 1464 948 ornata
1485 880 1632 951 virorum
1649 876 1931 976 receptaculum.

569 977 728 1048 tenaculis
741 975 896 1048 rellatum
918 995 1040 1044 centum
1059 969 1234 1068 capaeibru.
1285 971 1513 1045 inenarrabilia
1525 992 1631 1046 autem
1641 969 1924 1063 fuitmarmortan

570 1076 714 1144 varietaa
727 1074 761 1143 in
774 1096 832 1151 ea,
852 1070 977 1143 eolleilio
998 1066 1046 1143 ibi
1059 1069 1228 1164 plurimu,
1251 1092 1318 1166 qua
1333 1064 1448 1165 ubique
1464 1093 1541 1141 rara
1556 1066 1777 1153 videbantur,
1804 1074 1853 1144 <b
1868 1067 1921 1159 sa·

562 1165 661 1263 stigia
684 1167 778 1257 fimul
802 1172 994 1263 proceritate
1018 1163 1158 1237 trabium
1181 1170 1224 1238 (n
1250 1184 1501 1238 ornamentorum
1531 1166 1725 1241 claritudine
1747 1162 1925 1240 mirabilia.

567 1261 788 1341 Membrorum
802 1269 899 1336 etiam
918 1264 1110 1342 multitudo,
1134 1264 1178 1335 (n
1197 1264 1362 1333 innumera
1375 1263 1488 1357 speeies
1507 1258 1652 1349 edificii,
1673 1264 1846 1362 plenaque
1861 1288 1924 1337 ont·

566 1366 621 1434 nia
637 1360 879 1457 suppelledlilie,
912 1385 981 1431 cum
1001 1359 1154 1456 pleraque
1178 1362 1212 1430 in
1228 1355 1356 1451 fingulia
1377 1380 1419 1428 ex
1440 1382 1517 1431 auro
1538 1356 1631 1450 essent
1652 1381 1688 1432 at
1709 1385 1752 1432 ue
1781 1380 1922 1457 argento.

568 1459 682 1534 Adbuc
699 1459 803 1530 multa
818 1461 961 1551 portieut
982 1510 992 1537 ‚
1016 1457 1082 1526 alia
1098 1476 1157 1551 per
1175 1453 1274 1526 aliam
1295 1457 1327 1525 in
1345 1454 1496 1527 circulum
1511 1450 1625 1545 flexa,
1652 1383 1875 1555 colmrinaque
1892 1462 1924 1530 in

562 1554 714 1647 sagulis,
739 1555 781 1626 eb*
800 1555 963 1650 quainter
981 1580 1033 1626 eae
1046 1551 1106 1641 sub
1128 1554 1179 1623 dio
1194 1549 1346 1645 patebant
1354 1550 1456 1645 spacia
1474 1604 1484 1631 ,
1507 1576 1576 1623 cum
1595 1548 1689 1644 essent
1704 1557 1828 1652 utique
1846 1556 1923 1627 viri-

568 1655 663 1723 dariis
673 1650 831 1748 sylvisque
851 1655 998 1731 variata,
1022 1670 1091 1723 tum
1105 1647 1250 1743 prolixae
1265 1644 1488 1720 ambulationes
1499 1646 1677 1731 habebant,
1702 1649 1786 1723 abre
1806 1655 1924 1748 euripi

567 1747 684 1821 cintia
702 1796 713 1831 ‚
741 1747 885 1831 cisternae
903 1745 1019 1843 ubique
1033 1743 1192 1839 fignorum
1209 1768 1359 1817 aneorum
1372 1743 1512 1839 plenas,
1543 1740 1656 1843 quibua
1675 1770 1766 1844 aqua
1788 1744 1925 1841 essunde·

568 1842 665 1917 batur
682 1898 694 1925 ,
718 1846 894 1941 multaeque
910 1864 1017 1916 turres
1031 1840 1262 1930 mansuetorum
1279 1844 1397 1913 circum
1415 1841 1525 1913 latices
1543 1837 1773 1916 columbarum.

389 1946 537 2013 xinde-
667 1946 785 2015 XLV.
813 1936 1001 2013 Castellum
1019 1939 1149 2038 etiarn,
1177 1936 1312 2034 templo
1330 1961 1349 2007 a
1368 1932 1598 2035 septentrione
1612 1940 1776 2029 junctum
1798 1985 1812 2023 ,
1842 1939 1925 2016 olim

390 2029 548 2102 “m‘²ml‘⁰
571 2036 613 2110 ab
635 2043 672 2111 H
697 2063 798 2111 rcano
812 2035 1031 2111 Macehabaeo
1043 2082 1055 2119 ,
1083 2037 1220 2132 in'rupe
1238 2035 1488 2132 quinquaginta
1508 2034 1632 2108 cubitis
1647 2034 1736 2117 alta,
1769 2038 1922 2111 &undi-

391 2105 427 2233 ’ἵ
436 2120 502 2231 '2⁴23'
521 2123 561 2159 '²'
596 2161 638 2207 ue
655 2065 815 2234 abrupta,
844 2132 1071 2216 exstrustum,
1094 2134 1135 2216 ¹&
1148 2133 1241 2205 Baria
1251 2131 1379 2202 didtum
1392 2178 1403 2213 ,
1430 2126 1635 2205 Pontificum
1649 2129 1922 2210 Aimonaeorom

569 2161 685 2306 lenem
705 2279 715 2314 ,
745 2232 805 2303 ubi
820 2229 986 2313 in'eella,
1014 2231 1046 2303 ei
1065 2225 1139 2301 usui
1159 2227 1342 2309 destinata,
1369 2222 1545 2303 Pontificis
1558 2228 1642 2302 stola
1658 2224 1919 2315 adservabatut,

389 2335 464 2426 nien
483 2348 531 2388 0⁰·
568 2329 672 2429 largis
691 2327 816 2426 opibus
837 2327 996 2400 Herodes
1015 2327 1212 2406 renovavit,
1240 2326 1277 2396 δι
1296 2330 1526 2399 Antoniani
1551 2328 1689 2400 vocavit
1707 2372 1719 2408 ,
1748 2329 1791 2401 in
1811 2327 1923 2402 hono·

389 2426 471 2475 mm·
568 2453 642 2501 tem
662 2426 818 2499 Antonii.
870 2425 981 2513 Cujus
1001 2427 1085 2497 arcis
1136 2419 1337 2494 raestantiam
1357 2418 1526 2519 usumque
1548 2420 1602 2495 his
1623 2422 1743 2496 verbis
1761 2423 1923 2500 describit

568 2518 770 2623 Josephus‚
798 2520 922 2593 eodem
945 2523 1055 2618 capite
1075 2448 1134 2591 ael
1140 2515 1256 2592 finem.
1317 2526 1469 2594 Ceterum
1497 2524 1639 2595 Antonia
1660 2522 1695 2592 in
1710 2523 1836 2618 angulo
1857 2525 1923 2622 qui·

501 2661 504 2670 ·
566 2625 636 2692 dem
654 2624 786 2693 duarum
793 2621 978 2713 porticuum·
987 2617 1049 2708 sta
1066 2636 1137 2689 erat
1154 2618 1271 2713 prioris
1289 2617 1419 2712 templi,
1443 2640 1509 2714 qua
1527 2622 1568 2692 ad
1588 2618 1783 2693 oecidetnem
1798 2620 1921 2718 septen·

565 2718 758 2814 trionemque
775 2714 963 2809 speilarent,
987 2717 1020 2784 in
1032 2712 1111 2803 saxo
1129 2735 1237 2786 autem
1252 2709 1365 2803 ficerat
1384 2711 1562 2799 exslruila‚
1586 2718 1684 2813 quinq
1746 2714 1921 2794 innarrabi-

565 2814 607 2884 τίς
623 2809 710 2891 alto,
734 2814 777 2884 (a
795 2814 872 2883 undi
892 2836 932 2882 ue
945 2826 1127 2905 prerupto:
1174 2813 1234 2883 uod
1252 2829 1328 2908 opua
1345 2816 1575 2908 Herodieregis
1584 2812 1674 2904 suit,
1747 2816 1765 2887 i
1782 2818 1918 2891 manne

565 2910 683 3001 ingenii
694 2907 747 2995 sui
762 2833 1022 3002 magnileentiam
1042 2833 1273 2987 demonlravit.
1325 2913 1472 2982 Primum
1495 2914 1579 2983 enim
1595 2910 1797 2985 aradicibua
1806 2911 1917 3004 satu

564 3003 666 3099 ipsum
686 3000 811 3077 leuibus
828 3002 935 3086 ceredi
956 2998 1182 3096 obtegebatur,
1207 3026 1267 3101 quo
1286 3008 1329 3080 dn
1348 3011 1439 3080 decue
1456 3012 1585 3080 adderet
1605 3009 1696 3105 operi
1719 3041 1732 3092 ,-
1762 3012 1813 3085 ό·
1823 3006 1917 3103 senile

563 3097 800 3183 dilaberentur,
824 3106 881 3198 qui
900 3100 954 3174 vel
974 3100 1133 3190 ascendere
1154 3100 1209 3172 vel
1236 3101 1416 3192 descendere
1434 3100 1647 3196 tentavissent.
1700 3109 1841 3182 Deinde
1854 3121 1920 3179 ante

561 3202 662 3276 turtio
677 3197 837 3290 edificium
858 3220 966 3272 murm
985 3216 1057 3271 erat
1074 3193 1250 3273 cubitorum
1269 3203 1381 3278 trium.
1433 3208 1530 3277 Intra
1548 3204 1630 3276 bunc
1660 3226 1757 3276 omne
1782 3205 1916 3304 patu

562 3299 709 3373 Antonia
731 3301 765 3370 in
788 3300 998 3395 quadraginta
1023 3291 1145 3371 cubitos
1173 3293 1362 3390 erigebatur.
1412 3305 1507 3374 Inttn
1524 3319 1630 3372 autem
1649 3304 1743 3396 regia
1766 3302 1914 3377 latitdi-

513 3449 516 3454 -
561 3418 632 3468 nem
649 3420 687 3468 ac
699 3394 930 3491 descriptionem
941 3389 1098 3475 babebat,
1121 3395 1256 3485 dinisam
1269 3398 1301 3468 in
1316 3420 1436 3471 omnem
1449 3395 1534 3486 usum
1545 3393 1791 3490 habitationum
1805 3399 1917 3498 &spe-

561 3495 665 3572 eiem‚
685 3496 720 3564 id
738 3491 799 3575 est,
822 3495 938 3573 atria,
960 3493 1005 3566 dn
1024 3488 1157 3571 balnea,
1173 3494 1215 3564 (n
1234 3490 1323 3565 aulae
1347 3491 1453 3577 cestrie
1476 3494 1675 3591 aptiffimmt
1700 3513 1741 3568 ut
1762 3517 1916 3596 quanm

561 3591 604 3660 ad
621 3585 708 3675 usum
723 3586 921 3678 necessarium
937 3589 1094 3685 pertinet,
1118 3590 1236 3663 civitae
1252 3592 1416 3665 videretur
1431 3645 1442 3673 ,
1475 3586 1705 3688 magnificentia
1721 3618 1809 3670 vera
1823 3593 1916 3694 pala·

558 3686 640 3758 tium
660 3708 670 3755 τ
694 3681 790 3768 iedlar
803 3710 880 3759 vero
893 3687 1067 3759 turristnto
1085 3680 1197 3756 babitu
1208 3684 1375 3778 sormata,
1399 3708 1535 3788 quatuor
1551 3689 1623 3762 aliie
1632 3693 1913 3787 perangulosm·

558 3780 650 3856 ribm
668 3777 873 3876 cingebatur:
895 3806 1029 3882 quarton
1048 3799 1160 3855 cetera
1171 3785 1401 3881 quinquaginta
1419 3785 1532 3863 cubitia
1550 3805 1641 3861 erant
1660 3786 1757 3862 alta:
1786 3813 1915 3890 quant-

558 3903 597 3954 ro
615 3884 656 3953 ad
677 3881 884 3955 meridianum
895 3878 1139 3978 orientalemque
1150 3880 1298 3977 angulum
1308 3879 1373 3972 fita
1384 3906 1474 3967 erat,
1492 3884 1696 3983 septuaginta
1712 3884 1836 3961 cubiti
1846 3889 1913 3963 ιη’·

559 3974 676 4058 nebat,
708 3996 745 4051 ut
762 4002 803 4050 ex
819 4002 858 4050 ea
877 3978 1139 4074 totumtemplnm
1157 3982 1272 4052 videri·
1280 3976 1389 4076 poffet.
1438 3985 1523 4082 Qa
1550 4007 1628 4056 vero
1638 3982 1831 4078 porticibus
1840 3985 1910 4081 sta·

552 4068 719 4170 gebatur,
744 4080 894 4174 utrinque
909 4072 1063 4164 descensus
1081 4070 1246 4158 babebat,
1276 4084 1357 4150 unde
1381 4078 1516 4165 custodes
1539 4075 1781 4165 anormalam,
1791 4082 1910 4179 semper

559 4175 740 4269 namquein
760 4198 797 4245 ea
820 4177 955 4251 Romani
976 4170 1094 4246 milites
1113 4170 1310 4265 residebant:
1335 4177 1378 4250 dt·
1402 4203 1473 4251 eum
1491 4182 1585 4252 armia
1608 4174 1743 4275 apposni
1761 4178 1908 4264 emilane,

559 4292 599 4341 nt
618 4273 694 4370 quid
715 4271 850 4368 populat
862 4270 950 4364 sellie
968 4267 1075 4346 diebue
1092 4274 1167 4345 mvi
1181 4276 1413 4358 committeret,
1438 4271 1654 4365 observabant.
1675 4271 1819 4363 callem
1836 4279 1909 4353 erin

557 4383 629 4442 erat
646 4368 819 4468 impostum
837 4376 948 4472 oppido
965 4373 1090 4471 quidem
1104 4370 1275 4470 templum,
1297 4372 1412 4471 ternplo
1431 4399 1508 4449 vero
1522 4376 1678 4453 Antonia

1648 4605 1657 4658 ;
1774 4573 1905 4652 XLVI.
