4667 5442
697 496 768 571 ur
793 495 1102 571 rennerunt
1129 451 1274 571 rrum
1298 496 1568 612 Juunrcer„
1764 518 1813 596 41

452 681 541 755 Dent
548 675 606 771 fili
623 680 850 752 inMemeniem
867 700 986 751 revecat
995 678 1088 769 filios,
1112 681 1209 750 variis
1224 680 1362 777 angustiis
1381 682 1480 778 peeffoe
1495 685 1571 751 inter
1591 680 1718 752 Gentiles
1729 682 1812 754 leeli-

451 800 537 860 tere,
559 780 632 850 deas
651 783 817 871 lachrymas
834 781 865 850 in
880 802 1016 851 eeeeneen
1031 780 1177 858 demittit,
1202 803 1329 870 quarem
1335 775 1430 871 sinas
1442 785 1563 852 auditur
1578 780 1615 849 ed
1632 804 1688 851 nno
1710 784 1813 853 mnndi

451 883 760 952 extremoadaleerune
820 882 901 949 bant
911 905 1019 962 nunc,
1045 892 1079 954 de
1095 876 1171 970 Jesu
1185 881 1283 952 nostri
1304 878 1481 972 lachrymas
1492 878 1584 951 nobis
1599 877 1807 977 exprobrent.

451 979 550 1051 Dicet
564 976 708 1056 surtean,
735 978 923 1048 haecnmnia
946 975 1087 1049 excusari
1103 974 1244 1059 debete,
1280 988 1314 1052 &
1338 977 1488 1076 explicari
1514 978 1711 1051 Parabolire.
1761 984 1810 1053 Sit

451 1081 507 1149 ita.
558 1079 681 1174 Neque
697 1085 784 1147 enim
805 1079 860 1145 ista
885 1076 948 1148 huc
969 1084 1111 1174 pertinet
1133 1073 1317 1175 disputatio.
1361 1081 1414 1148 De
1432 1104 1471 1149 eo
1491 1078 1691 1176 postmodum
1708 1076 1809 1177 dispi-

407 1171 412 1178 ’
450 1179 585 1249 ciemus.
638 1176 700 1248 Sed
719 1202 779 1247 nec
794 1174 887 1246 nubis
900 1176 1014 1247 desunt
1031 1175 1151 1270 quibus
1163 1201 1321 1273 apparens
1341 1177 1398 1246 ista
1418 1173 1618 1260 absurditas,
1639 1202 1811 1250 nonexcu·

450 1275 537 1347 setur
551 1277 670 1355 modo,
695 1271 750 1345 sed
763 1283 796 1346 de
815 1280 951 1348 omnino
965 1272 1107 1351 tollatur.
1159 1276 1277 1347 Saltem
1293 1277 1327 1347 id
1343 1275 1469 1373 liquido
1481 1275 1554 1348 satis
1568 1275 1699 1355 cunstat,
1710 1275 1808 1373 phra-

448 1373 500 1444 ses
515 1372 620 1454 hasce,
631 1395 701 1446 utut
716 1373 936 1470 explicentur,
961 1372 1001 1443 ab
1012 1370 1228 1454 absurditate,
1245 1380 1348 1447 immo
1363 1371 1563 1473 blasphemia
1578 1400 1643 1445 non
1655 1374 1738 1471 posl'e
1754 1372 1809 1446 ab·
1932 1367 1949 1392 ²

449 1469 544 1546 solvi.
596 1472 751 1546 Obtellur
768 1493 920 1555 renunc,
947 1476 1096 1569 quisquis
1111 1498 1144 1543 es
1159 1473 1292 1568 judae,
1316 1471 1372 1545 ubi
1390 1478 1424 1544 in
1440 1472 1615 1573 Evangelio
1628 1479 1808 1571 quicquam

449 1590 517 1642 tant
539 1577 756 1671 incongruum
769 1576 841 1642 Deo
857 1566 1061 1650 adscribitur,
1093 1596 1194 1669 quam
1207 1570 1261 1643 hic
1275 1576 1309 1643 in
1333 1572 1437 1646 vestro
1453 1572 1638 1653 Talmude'l
1661 1578 1731 1674 Qri
1748 1573 1809 1645 alia

449 1678 486 1744 δι
510 1669 602 1769 plura
626 1669 799 1742 desiderat.
831 1673 922 1740 adeat
939 1673 1041 1758 Pieffei
1052 1692 1162 1764 peren:
1189 1676 1230 1742 ad
1240 1670 1376 1771 Jeme,
1400 1678 1487 1767 juxta
1501 1676 1579 1744 edit.
1597 1671 1753 1745 Gallicam
1770 1698 1806 1771 p.

448 1771 625 1863 mihi207.
651 1775 794 1940 Ibloetipp.
813 1770 882 1863 disp.
898 1773 948 1855 eia,
973 1770 1162 1866 Haespanin
1187 1773 1395 1863 additamentis
1413 1775 1519 1868 Septa
1535 1772 1716 1845 Nitaeebnn
1732 1792 1807 1868 pag.

447 1879 537 1945 260.
562 1868 693 1944 &alii
727 1888 830 1943 atm.

547 1988 584 2052 x,
610 1970 663 2039 Ad
678 1896 806 2042 teletam
822 1965 1043 2065 objediionum
1057 1967 1204 2060 classem,
1229 1967 1319 2069 quesn
1335 1967 1455 2045 scilieet
1466 1968 1754 2043 nuviTestamenti
1766 1967 1808 2042 li·

447 2064 502 2140 bri
513 2076 549 2142 δι
563 2074 649 2142 inter
662 2066 693 2139 se
706 2068 743 2139 ἂ
759 2094 835 2139 rum
853 2075 980 2141 Veteris
997 2068 1130 2143 soederis
1147 2068 1264 2146 tabulis
1290 2090 1492 2171 pugnarent,
1524 2067 1624 2141 multa
1639 2065 1811 2141 observan-

445 2165 586 2244 desunt.
622 2192 651 2244 r.
676 2172 722 2239 Ex
738 2168 924 2262 Judaeoruni
943 2166 1172 2266 hypotbefibus
1191 2173 1257 2244 duo
1271 2172 1520 2244 contradidloria
1534 2167 1627 2240 fimul
1642 2166 1727 2265 posse
1746 2167 1808 2241 esse

447 2291 538 2341 nera.
591 2269 749 2340 Videatur
766 2262 993 2339 infensffimus
1009 2266 1105 2341 hortis
1118 2271 1224 2343 noster
1235 2272 1543 2366 Lipnrannesnitneenn
1559 2266 1808 2367 321.hartrpro·

424 2433 555 2509 ,mtab
572 2439 679 2512 turno.
720 2435 861 2504 :uu
890 2415 998 2504 urin
1025 2412 1160 2504 bernw
1190 2437 1275 2504 nme
1304 2369 1467 2505 terte‘nte
1498 2438 1653 2575 ppntpp
1684 2434 1808 2528 ptum

443 2582 553 2668 nain
576 2601 762 2671 :nume
793 2581 899 2671 lenm
923 2601 1057 2671 untur
1082 2582 1190 2669 nun-r
1219 2600 1357 2672 nume
1395 2583 1486 2670 nnn
1524 2604 1591 2672 nm
1615 2607 1672 2671 ur
1698 2581 1809 2698 piru

442 2678 572 2765 natm
587 2700 628 2790 nn
652 2701 731 2767 uun
753 2676 921 2767 erbe
944 2701 1033 2768 ’aar
1050 2693 1147 2767 rnen
1168 2696 1250 2768 rnre
1274 2699 1372 2769 rnen
1390 2676 1455 2795 'etp
1477 2704 1531 2769 nr
1553 2704 1631 2770 tun
1656 2702 1802 2770 tunm:

442 2771 524 2862 5¹)ss
548 2799 617 2864 Μ
642 2801 779 2893 Legimus
795 2803 826 2869 in
841 2801 932 2869 cedre
947 2800 1097 2890 limis,
1124 2799 1266 2890 referente
1282 2806 1321 2870 R.
1335 2796 1426 2869 Aila
1447 2797 1522 2869 dixit
1535 2805 1573 2874 R.
1594 2803 1732 2878 Samuel,
1747 2801 1804 2869 tri·
1948 2805 1954 2812 “

441 2895 498 2966 ies
513 2901 597 2970 ennie
610 2898 729 2986 diffenfie
736 2898 801 2987 snit
811 2902 886 2969 inter
896 2898 1049 2985 familiam
1062 2900 1234 2969 Sebennei
1247 2899 1285 2976 ὠ
1293 2897 1446 2989 familiam
1462 2900 1598 2979 Hilelie,
1618 2919 1804 2990 urraqneve·

443 3000 622 3091 lentejuxta
631 2996 856 3086 sedeeidendeenr
870 3000 929 3086 effe.
981 3000 1066 3072 Venit
1083 2998 1192 3091 celeste
1208 3000 1582 3083 eeaenlennedcnenrdebne
1598 3003 1636 3076 d*
1652 3000 1801 3070 illuderer·
1850 3049 1855 3060 ,

439 3095 482 3164 ba
496 3096 546 3184 effe
557 3101 620 3167 Dei
634 3099 778 3167 viventis.
803 3103 911 3197 Quen
924 3117 1022 3166 tamen
1039 3094 1369 3190 dernendemfiejneete
1378 3094 1549 3182 sententiam
1558 3098 1688 3167 Hillele's.
1723 3097 1801 3170 Duo

440 3191 499 3263 hic
514 3197 588 3266 lunt
601 3192 767 3263 manifeste
784 3194 1058 3264 contradidioria:
1086 3196 1192 3283 (nam
1215 3187 1417 3265 dillenfiones
1437 3190 1486 3261 bae
1514 3211 1610 3264 tantae
1625 3211 1737 3274 erant,
1764 3214 1802 3269 ut

394 3318 398 3329 ·
440 3293 484 3363 iis
498 3289 657 3364 solvendis
676 3288 757 3362 sulus
777 3278 935 3363 sufficeret
945 3290 1058 3377 Elias)
1073 3313 1179 3362 utrurr
1188 3315 1251 3388 que
1274 3311 1382 3362 tamen
1402 3315 1515 3362 verum
1532 3292 1596 3372 est,
1613 3313 1718 3363 utrum
1747 3317 1804 3377 ue,

470 3394 533 3464 uod
558 3390 630 3490 plur
647 3392 713 3470 est,
739 3393 804 3461 Dei
822 3387 971 3463 verbum.
1025 3392 1111 3461 Dato
1125 3413 1220 3487 ergo,
1243 3415 1309 3463 nun
1325 3389 1485 3470 concello,
1503 3388 1587 3463 male
1599 3318 1799 3489 Evangebcis

440 3413 571 3590 scriptis
587 3495 672 3563 inter
689 3488 738 3571 se,
763 3488 847 3561 male
870 3514 945 3562 cum
960 3486 1162 3658 propheticis
1180 3492 1376 3563 convenire:
1403 3516 1468 3561 nun
1515 3492 1595 3563 otest
1619 3513 1726 3563 tamen
1742 3492 1801 3584 Ju·
1898 3495 1908 3580 J

438 3593 529 3663 datas
546 3593 778 3664 convenienter
794 3585 857 3660 suis
869 3587 1012 3688 hypotbe
1027 3586 1098 3660 rbus
1115 3589 1236 3661 ideireo
1255 3613 1308 3661 eus
1324 3614 1458 3686 arguere
1481 3518 1642 3679 distatis,
1668 3611 1721 3661 aut
1733 3588 1799 3664 hu-

431 3696 530 3764 mani
548 3688 709 3789 figmenti.
765 3691 899 3788 Quippe
915 3690 1304 3787 quicuntradidloriorum
1321 3708 1495 3786 utrumque
1507 3714 1621 3762 nerum
1636 3686 1699 3761 esse
1729 3688 1793 3765 osse

434 3789 560 3864 statuit.
612 3794 652 3862 Et
675 3788 758 3860 lranc
778 3791 839 3861 elle
862 3813 1070 3863 communem
1092 3784 1234 3885 ipsorum
1251 3791 1285 3859 in
1313 3786 1509 3886 explicandis
1531 3714 1794 3887 scriptutaelucis

435 3885 632 3963 sententiam
651 3912 741 3963 notat
755 3888 894 3981 Haesp'an
907 3893 938 3961 in
950 3889 1025 3961 narie
1039 3892 1080 3959 ad
1091 3890 1187 3981 Lipne.
1204 3910 1239 3982 p.
1258 3903 1320 3962 188.
1334 3892 1371 3967 (r
1377 3891 1461 3982 seqq.
1504 3914 1538 3963 2.
1564 3892 1636 3964 Nos
1645 3891 1679 3961 id
1693 3915 1793 3987 nega·

437 4011 530 4071 mus,
555 4014 666 4063 veram
685 3990 746 4060 ell'e
767 3993 851 4059 inter
874 3988 1043 4086 Apostolos
1070 3996 1104 4061 de
1128 3985 1303 4086 Prophetas
1326 4013 1479 4088 pugnam.
1535 3991 1568 4062 si
1595 4012 1676 4084 quat
1700 3987 1794 4083 obje-

409 4095 415 4102 '
434 4088 554 4160 &ente
556 4123 640 4158 aaaaa
641 4100 764 4172 nusae,
786 4112 844 4159 nus
860 4088 967 4186 plures
981 4096 1015 4160 δι
1030 4094 1167 4181 majores
1179 4085 1426 4164 monstrabimus
1442 4092 1476 4160 t‘n
1494 4083 1587 4166 Mose
1600 4085 1790 4185 &Prophe-

434 4189 502 4276 tis,
528 4186 696 4283 inquibus
714 4184 876 4260 solvendis
894 4183 952 4286 ipsi
965 4212 1032 4259 nun
1049 4191 1157 4257 minus
1174 4182 1395 4269 desudabunt,
1419 4211 1518 4283 quam
1535 4212 1593 4261 nos
1614 4191 1648 4258 in
1661 4188 1785 4260 nostris.

440 4307 483 4377 3.
512 4285 617 4358 lmrnu
632 4286 674 4359 sic
685 4288 790 4359 nostra
807 4282 898 4358 cansa
914 4286 1016 4357 multo
1032 4289 1137 4382 potior
1152 4284 1198 4355 est
1219 4288 1361 4375 Judaira.
1414 4290 1548 4386 Quippe
1571 4285 1643 4385 ipsis
1661 4284 1792 4357 fatenti·

436 4381 504 4461 but
525 4382 644 4484 reliqui
673 4389 821 4462 canonici
842 4383 942 4470 libri,
976 4382 1162 4482 aliquando,
1193 4385 1284 4558 plor
1321 4385 1569 4470 Couvmtuttr
1593 4388 1681 4459 Cun
1707 4386 1792 4456 Mo-

1204 4573 1208 4582 „
1663 4497 1786 4586 serere⁸
