4667 5442
664 481 742 596 Dr
779 473 923 573 viri
955 479 1222 596 Joriiiiiurs
1259 481 1556 582 Birrisra-
1703 496 1802 614 387

456 646 541 718 enim
551 639 745 735 senexsion,
768 645 815 721 &¹
831 669 919 717 uxor
933 665 1004 719 mea
1014 645 1165 744 prooessit
1185 643 1335 729 issaram
1351 672 1442 723 com.
1463 655 1519 729 18.
1545 648 1724 725 Nimirum
1735 649 1903 729 hocebartae
1919 668 1960 735 ot
2058 672 2061 679 ’

431 739 507 823 ,est
526 740 625 836 quod
643 742 769 816 Paulus
789 741 873 816 dicit
900 747 1017 817 1.Cor.
1033 768 1063 818 1:
1078 768 1136 819 22.
1166 746 1276 836 Judai
1290 746 1543 844 sgnumperunt.
1593 743 1959 822 lisdemver-Alralmi

456 838 512 911 bis
528 835 608 910 usus
626 845 725 912 Pater
745 839 958 913 credentium
977 837 1193 914 Abrahamus
1209 841 1257 916 est
1274 847 1365 917 Gen.
1378 869 1437 917 xv:
1451 851 1484 924 8.
1510 862 1590 928 nn:
1616 864 1695 929 nini
1721 823 1965 956 ’wlf-⁶4⁸⁰

456 950 537 1024 W
562 939 703 1009 Domine
721 937 865 1031 Jehovi‚
889 960 948 1033 quo
967 936 1138 1031 cognoscam
1156 940 1173 1011 ἒ
1198 942 1242 1011 Et
1260 964 1330 1011 non
1347 940 1455 1036 modo
1473 943 1739 1037 increpationem
1754 917 1981 1034 ef-m'ffiffi„

455 1032 548 1131 fugit
566 1078 578 1114 ,
604 1027 663 1104 sed
683 1036 720 1105 δι
741 1033 881 1106 laudem
899 1028 1130 1139 consequitur.
1143 1058 1234 1109 com.
1247 1040 1282 1109 6.
1297 1041 1436 1110 Credidit
1449 1043 1543 1118 Deo,
1560 1040 1855 1133 &imputarentur
1868 1050 1953 1127 fides,

455 1128 574 1225 ipses
589 1133 625 1203 in
639 1127 805 1222 justiciam.
856 1137 932 1201 Imo
954 1132 1108 1202 insimili
1126 1133 1348 1227 promissione
1361 1160 1430 1206 nori
1453 1130 1616 1206 absimilis
1642 1134 1707 1207 fuit
1729 1127 1880 1226 ejusfslfus
1894 1129 1979 1225 ipere-

456 1227 583 1300 oratio.
635 1227 767 1298 Ridens
787 1227 880 1299 enim
894 1228 930 1298 iri
950 1227 1066 1299 animo
1080 1221 1141 1298 suo
1155 1228 1246 1299 dixit
1266 1255 1275 1302 t
1302 1239 1368 1308 An
1384 1248 1458 1302 nato
1482 1249 1714 1303 centumannos
1733 1218 1942 1342 ”asma-'⁸'
1979 1311 1980 1314 Ἴ

453 1343 546 1396 cetur
556 1323 690 1420 proles?
714 1348 756 1395 an
768 1326 864 1396 etiam
877 1324 987 1396 Saros
1010 1349 1051 1396 an
1064 1342 1141 1396 nata
1159 1327 1327 1419 nonaginta
1343 1352 1441 1399 annos
1455 1332 1567 1422 pariet
1586 1329 1602 1400 ἒ
1626 1302 1849 1426 Periitque‘'‘
1899 1300 1963 1342 Μ’

453 1442 495 1492 ut
510 1421 546 1492 iii
569 1415 709 1493 ismaele
722 1414 880 1517 promissa
898 1422 965 1492 Dei
984 1415 1246 1493 verificarentur.
1265 1425 1356 1495 Gen.
1369 1446 1486 1496 xvii:
1516 1444 1572 1505 17.
1623 1427 1666 1496 Et
1686 1447 1801 1499 tamen

453 1542 527 1589 non
546 1512 661 1590 solum
677 1515 803 1588 blanda
823 1518 855 1587 ei
875 1517 1028 1589 oratione
1036 1512 1218 1612 respondet
1230 1520 1395 1592 Numinis
1404 1520 1618 1618 benignitas3
1642 1516 1803 1595 sedPau·

454 1612 512 1686 liis
525 1614 561 1685 in
578 1611 644 1685 hoc
656 1607 730 1709 ipso
745 1615 889 1711 negotio
902 1658 912 1694 ,
941 1610 1178 1709 quaefitissimis
1191 1611 1314 1711 elogiis
1327 1610 1430 1687 fidem
1440 1618 1512 1705 ejus
1522 1616 1799 1712 praeditatRom.

458 1731 524 1783 iv:
543 1718 606 1791 18,
632 1732 688 1801 19.
742 1712 856 1785 Contra
868 1710 969 1803 span,
988 1710 1047 1798 sub
1059 1710 1111 1807 spe
1125 1712 1317 1782 credidir-
1331 1738 1369 1784 ac
1377 1717 1505 1787 minime
1515 1710 1658 1801 infirmus
1661 1710 1728 1801 fide
1741 1738 1803 1787 non

454 1806 664 1897 consideravit
674 1805 767 1895 suum
786 1804 879 1901 ipfiur
890 1825 1003 1902 corpus
1012 1807 1085 1899 jam
1108 1826 1306 1888 emortuum,
1330 1833 1424 1906 quum
1438 1828 1559 1881 centum
1573 1813 1697 1882 circiter
1708 1832 1801 1894 narra

453 1900 529 1995 esset
548 1912 666 1984 armos',
690 1929 747 1976 nec
762 1924 936 1975 emortuum
954 1922 1079 1976 merum
1096 1911 1191 1977 Sara.
1241 1906 1360 1977 Mirari
1381 1899 1500 1988 subit,
1528 1931 1587 1979 cur
1603 1929 1672 1979 tam
1684 1906 1802 1979 indul·

455 2022 578 2097 genter
594 2005 691 2072 Deus
712 1997 797 2096 (qui
816 2004 937 2095 utique
954 1998 1207 2092 neomeniam
1227 2026 1298 2072 non
1320 1996 1387 2089 est)
1416 1999 1649 2075 Abrahamum
1670 2002 1800 2075 hahue-

451 2100 525 2178 rit,
553 2117 593 2169 ut
612 2098 674 2170 vix
692 2099 722 2168 ei
741 2118 812 2168 tam
833 2095 999 2170 notabilia
1025 2094 1105 2170 fidei
1123 2098 1278 2196 deliquia
1296 2093 1471 2194 imputasse
1485 2097 1661 2184 videatur,
1688 2124 1799 2196 quum

455 2216 573 2265 tamen
592 2195 710 2265 eadem
732 2216 803 2264 tam
821 2190 935 2266 severe
950 2197 1113 2292 increpari
1134 2194 1285 2267 voluerit
1301 2196 1336 2268 in
1356 2192 1532 2269 Zacharia.
1586 2200 1717 2267 Verum
1735 2222 1799 2293 op·

454 2314 604 2387 porrune
627 2292 661 2361 in
685 2313 837 2362 mentem
857 2292 978 2372 venit,
1007 2292 1106 2388 quod
1127 2289 1399 2363 commodissime
1424 2288 1504 2362 huic
1521 2293 1569 2363 rei
1585 2291 1795 2388 applicatur,

453 2410 554 2459 vetus
574 2387 727 2459 ditium:
757 2393 833 2460 Duo
852 2410 947 2483 quum
962 2385 1090 2478 farciunt
1107 2408 1164 2459 aut
1180 2392 1286 2459 dicunt
1301 2391 1405 2464 idem,
1433 2413 1495 2459 non
1513 2386 1554 2470 est
1575 2392 1666 2461 idem.
1701 2394 1799 2461 Deus

410 2568 413 2572 ,
453 2506 525 2555 nori
543 2480 706 2557 scrutatur
725 2479 837 2555 solum
859 2486 896 2555 δι
915 2484 1097 2583 explorat,
1122 2480 1232 2557 sed&
1249 2489 1498 2579 expendircorda
1515 2482 1798 2569 sancibraiasli'tiae.
1824 2522 1827 2528 ·

451 2580 713 2751 {obicimus
765 2581 948 2674 Novitque
973 2580 1214 2654 accuratissime
1241 2582 1466 2677 quantumin
1496 2578 1596 2673 cujus
1615 2608 1658 2653 ue
1681 2583 1797 2653 animo

476 2677 533 2750 dei
555 2674 616 2760 sit,
643 2702 712 2749 nori
733 2673 845 2750 solum
869 2681 988 2773 quoad
1007 2674 1261 2759 sinceritatem,
1300 2672 1358 2747 sed
1383 2678 1561 2774 &quoad
1587 2608 1797 2752 soliditatem

449 2776 490 2849 &
507 2774 659 2872 pondus.
710 2775 815 2850 Unde
832 2770 870 2845 fit
889 2822 900 2856 ,
928 2776 1142 2873 ut,quamvis
1161 2773 1265 2846 verba
1284 2776 1320 2845 &
1346 2772 1428 2846 faita
1442 2798 1579 2847 externa
1590 2776 1708 2847 eadem
1719 2770 1795 2855 sirit,

449 2872 550 2945 aliter
566 2895 680 2945 tamen
701 2867 977 2944 &diversimode
996 2871 1039 2943 de
1057 2870 1178 2943 eadem
1195 2871 1383 2943 dicentium
1402 2877 1439 2946 &
1463 2872 1659 2946 facientium
1678 2873 1797 2943 animo
1882 2879 1889 2890 '

447 2968 641 3044 arbitretur.
693 2971 872 3067 Cognovit
889 2971 1034 3066 itaque,
1063 2968 1162 3067 quod
1182 2966 1284 3040 nobis
1301 2965 1500 3040 hominibus
1515 2969 1632 3041 datum
1655 2992 1725 3040 non
1749 2963 1798 3042 est

449 3062 679 3164 cognoscere,
708 3068 820 3136 minus
840 3066 1113 3150 incredulitatis,
1141 3064 1222 3162 plus
1236 3059 1316 3136 fidei
1326 3067 1362 3138 iri
1380 3064 1481 3139 corde
1494 3064 1679 3138 Abrahami
1689 3089 1797 3161 quam

447 3161 624 3236 Zachariae
644 3155 762 3245 fuisse,
790 3159 872 3234 licet
889 3162 1012 3234 eodem
1032 3161 1289 3260 propemodum
1307 3157 1460 3233 sermone
1475 3184 1637 3234 uteretur.
1689 3168 1729 3232 ln
1746 3164 1798 3232 A·

435 3258 650 3345 ,brahamo,
677 3260 854 3356 repentina
873 3259 1119 3331 incredulitatis
1140 3257 1279 3337 morio,
1307 3282 1392 3328 mox
1417 3252 1453 3327 su
1481 3278 1569 3327 erata
1591 3282 1653 3353 per
1676 3250 1794 3337 fidem,

448 3354 686 3457 ignoscibilior
703 3350 797 3431 fuisse
824 3355 985 3437 videtur,
1022 3379 1128 3451 quam
1155 3349 1328 3424 Zachariae
1353 3282 1601 3441 incredulitas3
1628 3352 1796 3449 quoniam

445 3453 666 3531 Abrahamus
683 3453 778 3526 nulla
796 3476 874 3525 ante
890 3447 923 3523 se
940 3447 1059 3524 similis
1083 3452 1131 3523 rei
1146 3449 1305 3545 exempla
1328 3446 1475 3521 habebar
1494 3494 1505 3530 ,
1532 3446 1715 3520 Zacharias
1733 3471 1797 3521 au·

444 3575 521 3629 tem
544 3549 731 3625 Abrahami
753 3552 790 3623 &
809 3553 949 3622 Manoae
966 3548 1141 3622 historiam
1163 3549 1319 3643 ignorare
1341 3571 1410 3617 non
1428 3566 1588 3644 poterat,
1613 3545 1658 3617 ad
1674 3569 1796 3643 quam,

445 3653 499 3727 rei
517 3650 754 3749 magnitudine
777 3640 1000 3744 perculsum,
1034 3670 1156 3744 parum
1176 3638 1357 3716 'attendisse
1379 3643 1503 3739 liquet.
1557 3650 1665 3716 Porro
1696 3642 1796 3740 quod

446 3742 583 3845 signum
601 3742 782 3821 Zacharias
801 3766 925 3841 petat,
953 3769 995 3815 eo
1011 3765 1168 3841 tempore
1185 3764 1258 3837 quo
1280 3742 1442 3812 miracula
1462 3739 1596 3811 dudum
1615 3734 1792 3821 desierant,

447 3846 617 3936 majorem
638 3842 786 3917 indicare
802 3841 939 3914 videtur
960 3841 1186 3913 diffidentiam
1211 3865 1220 3911 ε
1249 3861 1358 3934 quum
1375 3858 1488 3911 tamen
1510 3858 1650 3935 propter
1668 3838 1796 3935 Angeli

445 3942 698 4038 apparitionem
721 3985 733 4022 ,
770 3940 883 4012 minus
901 3935 1003 4011 isthac
1021 3958 1120 4010 aetate
1139 3930 1327 4015 uhratam,
1365 3937 1480 4007 minus
1501 3936 1605 4005 etiam
1637 3933 1794 4008 dubitare
1817 3996 1820 4000 ,

447 4032 665 4139 oportuisset.
716 4031 906 4119 Praesertim
928 4029 1054 4106 sirecte
1071 4027 1263 4105 attendisset
1283 4030 1327 4101 ad
1348 4030 1465 4104 locum
1484 4034 1521 4103 δι
1538 4054 1674 4128 tempus
1691 4027 1794 4120 hujus

445 4134 748 4219 annunciationis3
774 4157 853 4229 quae
871 4155 912 4202 eo
936 4130 1006 4202 loci
1026 4129 1109 4202 fasta
1127 4127 1174 4201 est
1200 4174 1211 4210 ,
1250 4126 1310 4198 ubi
1336 4129 1444 4199 audiri
1465 4122 1645 4200 sueverunt
1665 4128 1795 4199 Divina

443 4230 613 4314 oracula,
640 4236 678 4305 &
704 4254 791 4303 mox
813 4225 889 4326 post
912 4220 1031 4299 effusas
1051 4249 1192 4322 preces,
1220 4223 1348 4321 quibus
1370 4222 1635 4319 respondebatur
1661 4218 1796 4320 apposi-

444 4328 585 4416 tissime.
638 4327 776 4416 Quibus
812 4323 1108 4397 observationibus
1137 4320 1386 4395 incredulitatis
1416 4321 1543 4396 crimen
1564 4319 1648 4393 haut
1671 4341 1795 4417 parum
1855 4401 1856 4404 Ἴ

440 4446 617 4529 gravatur.
1884 4497 1886 4504 .

1076 4516 1173 4591 Cet
1196 4534 1220 4588 2
1652 4514 1790 4592 XXIII,
