4667 5442
730 473 1497 599 nrssnnrarrorolsrotlct..
1723 501 1800 584 aa,

433 661 526 752 qaid,
548 657 860 756 atdiiiabiepmipic.
910 660 1045 757 Atquid
1060 659 1139 732 illud
1157 663 1222 740 eli,
1243 668 1320 735 clare
1342 690 1376 735 aa
1393 665 1520 760 distincte
1530 667 1697 763 percipere?
1723 674 1799 754 Eli,

433 764 605 857 inquiunt,
633 762 679 829 rei
705 760 804 832 alicui
818 756 903 831 nihil
922 760 1126 841 adtribuere,
1152 760 1211 832 nisi
1239 766 1328 859 quod
1345 769 1376 835 ei
1394 764 1525 862 liquido
1539 766 1797 844 adtribuendumt

434 860 503 947 est,
525 867 559 931 dc
577 855 661 929 nihil
677 860 721 930 de
738 858 1036 960 realiqnanegare,
1058 860 1117 931 nist
1130 861 1357 958 quodliqnido·
1373 868 1562 963 negandum·
1575 868 1631 947 est,
1682 874 1789 941 Caete-

433 980 507 1030 rum
520 982 624 1055 quum
636 962 744 1030 omnis
760 983 850 1032 error
863 965 948 1032 ineo
966 956 1039 1031 situs
1057 957 1114 1047 srt,
1140 964 1230 1056 qood
1246 965 1393 1058 neganda
1417 960 1648 1045 adfirmentur,
1674 970 1800 1040 autad·-

435 1053 594 1128 firmanda
609 1078 789 1156 negentut3
816 1055 839 1129 sr
856 1062 961 1132 dicam
976 1085 1043 1130 nnn
1059 1084 1166 1130 errare
1174 1084 1228 1133 me
1240 1064 1375 1156 quando
1387 1060 1511 1158 aliquid
1526 1060 1612 1135 clar‘e
1630 1090 1667 1136 ac
1683 1067 1793 1138 distin·
1885 1107 1891 1120 ι
1920 1125 1923 1130 .

436 1158 488 1228 die
503 1159 666 1255 percipio,
697 1159 835 1256 perinde
854 1160 900 1230 eil
923 1185 959 1231 ac
983 1157 1005 1229 sr
1026 1161 1189 1247 dicerem,
1222 1156 1400 1231 secundum
1421 1161 1507 1232 hanc
1525 1161 1793 1258 explicationem,

437 1280 504 1328 non
522 1280 629 1327 errare
646 1281 700 1328 me
740 1259 846 1330 nando
868 1284 936 1331 nnn
951 1283 1034 1330 erro.
1085 1260 1130 1329 At
1145 1262 1271 1331 veroin
1287 1284 1332 1330 en·
1350 1258 1573 1356 sepenumero
1588 1286 1673 1334 errat
1685 1267 1802 1344 Ratio,
1871 1296 1872 1300 ¹
1920 1303 1924 1312 ι

434 1357 524 1525 quod
540 1281 744 1429 existimetbe
762 1355 886 1453 aliquid
901 1357 987 1429 clare
999 1359 1197 1429 aedistindte
1221 1363 1413 1455 percipere,
1433 1383 1537 1455 quom
1553 1382 1662 1433 tamen
1683 1385 1803 1435 contra·-

460 1475 482 1525 ι.
533 1456 693 1547 injurium
707 1456 985 1553 meelleputarem
1004 1459 1259 1555 inprudentiam
1273 1481 1309 1527 ac
1326 1454 1539 1529 finceritatem
1558 1459 1794 1559 Magnificive·

435 1553 508 1634 liti,
534 1551 558 1625 st
575 1556 791 1628 existimarem
811 1578 886 1627 tum
906 1559 947 1628 de
967 1555 1028 1628 hac
1046 1552 1115 1653 ipsa·
1131 1554 1216 1627 clara
1234 1580 1274 1627 ac
1299 1555 1446 1627 distindla
1462 1581 1669 1655 perceptione
1685 1583 1800 1633 contra·

435 1649 687 1727 Nobilrffimuor
705 1658 889 1749 liblugiaaa
903 1654 1039 1755 operose
1054 1651 1251 1754 disputalst,
1268 1655 1510 1751 qua-nonciare
1521 1665 1538 1726 i
1548 1657 1580 1727 le
1598 1683 1634 1729 ac
1649 1661 1803 1732 distinbic

435 1773 589 1851 percepta
611 1754 782 1826 credebat:
807 1753 1121 1849 uri-injurimforem
1145 1759 1348 1850 inpietatem
1369 1761 1463 1848 ejus,
1491 1751 1588 1825 fisus
1604 1761 1704 1829 icarer
1720 1784 1802 1830 eum·

435 1876 503 1924 non
515 1849 576 1922 elie
593 1851 737 1926 secutum
750 1850 967 1928 Conscientiae
981 1853 1042 1926 suae
1055 1855 1231 1927 distamen.
1285 1857 1368 1947 Quae
1383 1874 1514 1932 nmen,
1529 1854 1802 1944 ni1.fanor,nuoe

435 1949 545 2051 paullo
557 1950 650 2024 aliter
671 1956 779 2027 didiat.
1060 1999 1062 2004 ·

535 2051 695 2127 CXVlll.
721 2058 804 2126 Sane
823 2049 1001 2149 Apostolus
1013 2074 1115 2147 quum
1137 2049 1342 2123 Romle.
1357 2075 1394 2140 5,
1411 2074 1522 2123 monet
1542 2061 1635 2123 §iaco
1649 2067 1673 2123 n
1696 2066 1733 2139 τῷ
1749 2060 1810 2142 ἰδέ,

438 2162 711 2243 κνιληροφοράθη
738 2172 967 2252 permenam,
986 2153 1033 2223 uti
1054 2150 1196 2227 constat,
1217 2148 1416 2235 consoiooim
1441 2151 1802 2247 intelligens,.innu1t,.

438 2259 473 2323 dt
494 2274 637 2323 errorem
653 2249 809 2351 polleelle
824 2256 859 2323 in
874 2251 1096 2329 conscientia,
1116 2253 1176 2344 qui
1191 2250 1406 2322 admonitioni
1421 2248 1498 2322 huie
1519 2249 1718 2324 occasionem
1729 2256 1802 2333 det.

437 2358 473 2423 δι
486 2353 735 2430 certitudinem,
760 2354 800 2421 ad
814 2347 1014 2447 quamjuber
1037 2353 1130 2420 eniti.

536 2450 666 2522 CXlX.
692 2453 791 2522 l’ntto
803 2471 947 2544 urgent,
973 2472 1038 2519 non
1055 2443 1144 2546 polle·
1162 2472 1228 2519 non
1249 2443 1294 2516 ab
1309 2471 1422 2518 errore
1444 2453 1628 2520 immunem
1640 2442 1700 2520 eli}
1717 2474 1795 2521 con·

439 2544 628 2636 scientiam,
655 2572 744 2641 qaam
758 2552 1011 2640 quiscomnaaneoo
1028 2570 1095 2617 cam
1108 2554 1172 2617 Deo
1192 2548 1294 2624 babet,
1320 2571 1384 2636 qua
1396 2546 1459 2639 stoa·
1479 2552 1587 2620 dana
1605 2551 1718 2618 nemim
1733 2549 1799 2619 Dei

435 2649 590 2742 proponit,
613 2658 647 2722 ἀ
658 2654 710 2720 cui
725 2672 806 2719 nemo
818 2647 878 2732 fine
896 2648 1014 2718 crimine
1025 2643 1115 2740 potest
1128 2644 1178 2734 effe
1196 2648 1405 2738 immorigeros.
1455 2651 1503 2718 At
1521 2645 1718 2746 explicemus
1738 2645 1805 2717 lin··

441 2744 527 2846 gula.
579 2748 692 2820 Homo
706 2745 757 2818 sua
771 2744 921 2818 facultate
936 2751 1148 2843 cognnlcente
1171 2747 1259 2815 circa
1281 2748 1394 2816 eadem
1410 2746 1549 2819 versatur
1561 2771 1648 2843 qoae·
1665 2750 1804 2818 Divinae

440 2867 575 2943 quoque
591 2852 786 2944 cognitionis
801 2843 929 2939 objeiia
946 2842 1027 2919 sunt.
1076 2848 1252 2922 SedDeur,
1266 2846 1364 2917 modo
1378 2843 1607 2942 quisedignne
1618 2847 1686 2923 eil,
1699 2848 1799 2925 idest,

441 2943 692 3043 perfedirffinro,
714 2971 750 3018 ac
774 2942 841 3015 fine
859 2950 973 3015 modo:
998 2947 1097 3020 borno,
1120 2947 1219 3014 modo
1242 2941 1401 3019 linmann,
1429 2945 1468 3012 id·
1490 2942 1556 3026 est,
1584 2942 1797 3036 imperfebi03

442 3046 523 3112 bonae
536 3064 685 3132 peccator,
710 3037 1013 3113 valdedeledinose,
1038 3057 1170 3133 propter
1183 3060 1235 3104 eas
1257 3035 1404 3104 tenebras
1419 3036 1540 3130 quibus
1558 3035 1721 3106 obfuscata
1729 3044 1805 3130 ejus·

441 3163 535 3211 mens
549 3140 606 3211 eli.
659 3140 783 3209 Idcirco
798 3134 1042 3230 nihilimpedir‚
1069 3138 1252 3230 quominus
1269 3158 1305 3203 ea
1320 3128 1466 3212 scientia,
1491 3156 1591 3228 qnam
1605 3133 1704 3205 homo
1720 3160 1808 3231 pec··

442 3260 530 3314 eatnr
542 3262 749 3311 communem
758 3260 833 3308 cum
842 3237 916 3304 Deo
927 3231 1044 3312 habet,
1070 3232 1126 3304 luo
1145 3231 1290 3318 defectu,
1314 3228 1369 3304 suo
1391 3235 1470 3304 vitio
1488 3232 1628 3304 laboret.¹
1671 3235 1769 3304 Porro
1784 3286 1807 3322 ‚,

442 3343 502 3415 Dei
515 3342 627 3411 nomine
641 3339 795 3435 proponit
809 3332 881 3414 sua,
908 3336 1067 3429 quiaeam
1091 3336 1182 3403 Deus
1196 3355 1352 3427 tanquam
1381 3327 1426 3402 sui
1438 3333 1586 3403 vicariam
1609 3336 1643 3403 in
1657 3332 1807 3405 hominis·

443 3462 555 3514 mente
563 3439 740 3510 constituit.
792 3437 840 3506 At
858 3433 1025 3529 poilqnam
1049 3455 1107 3528 per
1125 3456 1291 3528 peccatum
1307 3434 1422 3500 omnia·
1440 3436 1474 3500 in
1496 3431 1631 3502 homine
1649 3455 1807 3531 corrupta-

446 3541 536 3614 snnt,
565 3563 632 3610 non
645 3533 868 3631 consequitur,
894 3555 965 3601 eam
980 3554 1051 3625 quae
1065 3534 1128 3601 Dei
1142 3534 1260 3599 vicaria
1275 3528 1336 3606 est,
1362 3527 1505 3624 partibus
1526 3528 1651 3627 semper
1660 3529 1721 3603 suis
1737 3538 1807 3603 rite‘

447 3636 601 3736 defungi,
626 3634 775 3731 nihilque
801 3636 924 3703 didace
940 3627 998 3700 niti
1013 3633 1100 3726 quod
1120 3627 1196 3723 julla
1214 3630 1271 3700 est.
1325 3632 1410 3722 Quia
1429 3650 1537 3699 tamen
1549 3633 1614 3700 Dei
1630 3634 1800 3727 praetendit

439 3747 586 3820 nomen,
618 3745 651 3807 δι
665 3760 729 3806 non
741 3732 864 3805 constat
884 3724 962 3802 falso
974 3732 1005 3796 id
1023 3732 1197 3825 praetendi,
1224 3725 1329 3824 palam
1346 3726 1392 3797 est'
1405 3727 1514 3801 violati
1530 3732 1644 3800 Divini
1656 3733 1799 3802 numinis

447 3862 540 3911 teum
554 3832 636 3923 elie,
664 3838 721 3930 qui
733 3827 935 3904 conscientia
958 3826 1018 3899 soae
1032 3831 1199 3899 dictamini
1218 3824 1405 3923 refragatur.

548 3935 663 4005 CXX.
693 3936 846 4026 Denique
857 3932 888 3998 id
913 3951 1045 4023 qunque
1064 3926 1181 3998 alicubi
1202 3932 1359 3997 invenior
1378 3931 1473 3996 Error
1487 3926 1563 3995 circa
1582 3922 1643 4018 ipsa‘
1656 3927 1806 4020 pricipia

451 4037 519 4107 veri
533 4037 572 4113 (a
586 4035 649 4104 boni
666 4056 721 4101 non
735 4033 828 4123 arogis
842 4026 1008 4111 conscientia
1027 4028 1157 4097 adtribui
1177 4029 1275 4110 debet,
1299 4048 1388 4113 quam
1409 4025 1548 4118 perversa
1572 4029 1738 4119 approbatio
1753 4030 1798 4094 in·

442 4134 602 4229 sardorum
618 4133 770 4201 eriminum
785 4133 815 4197 in
829 4127 984 4221 gentilibus
994 4129 1047 4193 dici
1065 4127 1143 4196 deber
1164 4148 1235 4219 opus
1251 4125 1320 4218 legis
1339 4124 1511 4218 infinpram*
1522 4127 1649 4196 cordibus
1661 4127 1805 4216 ipsorum.-

457 4237 513 4302 Uri
525 4236 555 4301 ia
568 4232 680 4301 arabus
692 4228 866 4320 antifonis,
890 4243 963 4319 puta
978 4228 1190 4306 Goooaenicrn,
1218 4234 1268 4294 vel
1290 4227 1511 4296 arithmeticen,
1532 4221 1669 4315 faczseeli
1684 4243 1718 4291 ut
1732 4224 1805 4311 qais·

448 4350 502 4424 per
517 4354 642 4402 corneos
656 4324 839 4419 existimasse.
855 4326 924 4397 boe
937 4326 1124 4415 mensuali,
1149 4348 1205 4393 noa
1227 4344 1330 4397 tanen.
1341 4327 1448 4397 ideirco.
1460 4344 1540 4397 errat
1558 4324 1734 4397 Gaommice
1750 4323 1811 4394 vab

1125 4444 1202 4515 η
1644 4422 1808 4492 Artabron
