<?xml version="1.0" encoding="UTF-8"?>
<!DOCTYPE html PUBLIC "-//W3C//DTD XHTML 1.0 Transitional//EN"
    "http://www.w3.org/TR/xhtml1/DTD/xhtml1-transitional.dtd">
<html xmlns="http://www.w3.org/1999/xhtml" xml:lang="en" lang="en">
 <head>
  <title>
</title>
<meta http-equiv="Content-Type" content="text/html;charset=utf-8" />
  <meta name='ocr-system' content='tesseract 3.04.00' />
  <meta name='ocr-capabilities' content='ocr_page ocr_carea ocr_par ocr_line ocrx_word'/>
</head>
<body>
  <div class='ocr_page' id='page_1' title='image "./hermanniwitsiim01witsgoog/hermanniwitsiim01witsgoog_0388.png"; bbox 0 0 4667 5442; ppageno 0'>
   <div class='ocr_carea' id='block_1_1' title="bbox 613 502 1779 649">
    <p class='ocr_par' dir='ltr' id='par_1_1' title="bbox 613 502 1779 649">
     <span class='ocr_line' id='line_1_1' title="bbox 613 502 1779 649; baseline 0.005 -34"><span class='ocrx_word' id='word_1_1' title='bbox 613 508 690 615; x_wconf 79' lang='lat' dir='ltr'><em>Du</em></span> <span class='ocrx_word' id='word_1_2' title='bbox 728 507 925 618; x_wconf 76' lang='lat' dir='ltr'><em>Evnnc.</em></span> <span class='ocrx_word' id='word_1_3' title='bbox 961 521 1018 615; x_wconf 80' lang='lat' dir='ltr'><em>Iu</em></span> <span class='ocrx_word' id='word_1_4' title='bbox 1055 516 1287 616; x_wconf 75' lang='lat' dir='ltr'><em>Annulo.</em></span> <span class='ocrx_word' id='word_1_5' title='bbox 1324 502 1551 617; x_wconf 66' lang='lat' dir='ltr'><em>Pacoro.</em></span> <span class='ocrx_word' id='word_1_6' title='bbox 1680 521 1779 649; x_wconf 83' lang='lat'><em>365</em></span> 
     </span>
    </p>
   </div>
   <div class='ocr_carea' id='block_1_2' title="bbox 413 681 1891 2717">
    <p class='ocr_par' dir='ltr' id='par_1_2' title="bbox 413 681 1891 2717">
     <span class='ocr_line' id='line_1_2' title="bbox 433 681 1778 782; baseline 0.004 -26"><span class='ocrx_word' id='word_1_7' title='bbox 433 683 559 757; x_wconf 81' lang='lat' dir='ltr'><em>maticit</em></span> <span class='ocrx_word' id='word_1_8' title='bbox 577 681 751 759; x_wconf 77' lang='lat' dir='ltr'><em>rationibus</em></span> <span class='ocrx_word' id='word_1_9' title='bbox 766 704 846 782; x_wconf 86' lang='lat' dir='ltr'><em>pene</em></span> <span class='ocrx_word' id='word_1_10' title='bbox 866 685 1023 761; x_wconf 76' lang='lat' dir='ltr'><em>conviiirn</em></span> <span class='ocrx_word' id='word_1_11' title='bbox 1044 683 1192 770; x_wconf 77' lang='lat' dir='ltr'><em>exiliimo.</em></span> <span class='ocrx_word' id='word_1_12' title='bbox 1240 692 1288 760; x_wconf 85' lang='lat' dir='ltr'><em>At</em></span> <span class='ocrx_word' id='word_1_13' title='bbox 1311 713 1345 759; x_wconf 90' lang='lat' dir='ltr'><em>re</em></span> <span class='ocrx_word' id='word_1_14' title='bbox 1373 690 1447 760; x_wconf 92' lang='lat' dir='ltr'><em>onit</em></span> <span class='ocrx_word' id='word_1_15' title='bbox 1476 688 1650 768; x_wconf 88' lang='lat' dir='ltr'><em>Hornius,</em></span> <span class='ocrx_word' id='word_1_16' title='bbox 1677 688 1778 763; x_wconf 86' lang='lat' dir='ltr'><em>tatio·</em></span> 
     </span>
     <span class='ocr_line' id='line_1_3' title="bbox 433 713 1777 880; baseline 0.004 -27"><span class='ocrx_word' id='word_1_17' title='bbox 433 803 506 853; x_wconf 79' lang='lat' dir='ltr'><em>nnn</em></span> <span class='ocrx_word' id='word_1_18' title='bbox 527 802 610 855; x_wconf 87' lang='lat' dir='ltr'><em>certe</em></span> <span class='ocrx_word' id='word_1_19' title='bbox 630 780 719 865; x_wconf 72' lang='lat' dir='ltr'><em>iciam</em></span> <span class='ocrx_word' id='word_1_20' title='bbox 738 805 836 880; x_wconf 86' lang='lat' dir='ltr'><em>neque</em></span> <span class='ocrx_word' id='word_1_21' title='bbox 854 787 1141 862; x_wconf 80' lang='lat' dir='ltr'><em>Mathematicarn,</em></span> <span class='ocrx_word' id='word_1_22' title='bbox 1166 808 1264 880; x_wconf 80' lang='lat' dir='ltr'><em>neque</em></span> <span class='ocrx_word' id='word_1_23' title='bbox 1275 713 1466 868; x_wconf 68' lang='lat' dir='ltr'><em>Hisliricam</em></span> <span class='ocrx_word' id='word_1_24' title='bbox 1479 781 1535 874; x_wconf 76' lang='lat' dir='ltr'><em>effe</em></span> <span class='ocrx_word' id='word_1_25' title='bbox 1555 779 1658 879; x_wconf 73' lang='lat' dir='ltr'><em>polle,</em></span> <span class='ocrx_word' id='word_1_26' title='bbox 1682 779 1777 860; x_wconf 78' lang='lat' dir='ltr'><em>rebrat</em></span> 
     </span>
     <span class='ocr_line' id='line_1_4' title="bbox 435 879 1778 975; baseline 0.004 -27"><span class='ocrx_word' id='word_1_27' title='bbox 435 884 570 949; x_wconf 85' lang='lat' dir='ltr'><em>nondum</em></span> <span class='ocrx_word' id='word_1_28' title='bbox 593 879 683 975; x_wconf 84' lang='lat' dir='ltr'><em>plene</em></span> <span class='ocrx_word' id='word_1_29' title='bbox 713 882 895 975; x_wconf 71' lang='lat' dir='ltr'><em>explorati.</em></span> <span class='ocrx_word' id='word_1_30' title='bbox 943 880 1059 954; x_wconf 78' lang='lat' dir='ltr'><em>Plures</em></span> <span class='ocrx_word' id='word_1_31' title='bbox 1088 905 1157 955; x_wconf 87' lang='lat' dir='ltr'><em>cnm</em></span> <span class='ocrx_word' id='word_1_32' title='bbox 1184 881 1338 955; x_wconf 80' lang='lat' dir='ltr'><em>Strabone</em></span> <span class='ocrx_word' id='word_1_33' title='bbox 1362 880 1517 975; x_wconf 77' lang='lat' dir='ltr'><em>Scythiam</em></span> <span class='ocrx_word' id='word_1_34' title='bbox 1536 880 1778 975; x_wconf 68' lang='lat' dir='ltr'><em>septentrionali</em></span> 
     </span>
     <span class='ocr_line' id='line_1_5' title="bbox 437 973 1781 1076; baseline 0.001 -28"><span class='ocrx_word' id='word_1_35' title='bbox 437 978 561 1048; x_wconf 83' lang='lat' dir='ltr'><em>Oceano</em></span> <span class='ocrx_word' id='word_1_36' title='bbox 581 979 747 1049; x_wconf 87' lang='lat' dir='ltr'><em>terminari</em></span> <span class='ocrx_word' id='word_1_37' title='bbox 758 973 923 1058; x_wconf 61' lang='lat' dir='ltr'><em>sinuant,</em></span> <span class='ocrx_word' id='word_1_38' title='bbox 945 980 990 1052; x_wconf 70' lang='lat' dir='ltr'><em>O</em></span> <span class='ocrx_word' id='word_1_39' title='bbox 1010 976 1226 1076; x_wconf 75' lang='lat' dir='ltr'><em>consequenter</em></span> <span class='ocrx_word' id='word_1_40' title='bbox 1244 974 1379 1067; x_wconf 78' lang='lat' dir='ltr'><em>abscindi</em></span> <span class='ocrx_word' id='word_1_41' title='bbox 1408 974 1449 1049; x_wconf 87' lang='lat' dir='ltr'><em>ab</em></span> <span class='ocrx_word' id='word_1_42' title='bbox 1475 981 1634 1052; x_wconf 80' lang='lat' dir='ltr'><em>Ameriae.</em></span> <span class='ocrx_word' id='word_1_43' title='bbox 1683 981 1781 1049; x_wconf 70' lang='lat' dir='ltr'><em>Gro-</em></span> 
     </span>
     <span class='ocr_line' id='line_1_6' title="bbox 438 1070 1781 1168; baseline 0.003 -27"><span class='ocrx_word' id='word_1_44' title='bbox 438 1070 532 1142; x_wconf 90' lang='lat' dir='ltr'><em>tius:</em></span> <span class='ocrx_word' id='word_1_45' title='bbox 556 1089 742 1168; x_wconf 87' lang='lat' dir='ltr'><em>perpettmm</em></span> <span class='ocrx_word' id='word_1_46' title='bbox 760 1077 952 1146; x_wconf 82' lang='lat' dir='ltr'><em>intercedere</em></span> <span class='ocrx_word' id='word_1_47' title='bbox 964 1073 1089 1163; x_wconf 79' lang='lat' dir='ltr'><em>frctnm</em></span> <span class='ocrx_word' id='word_1_48' title='bbox 1109 1079 1206 1168; x_wconf 82' lang='lat' dir='ltr'><em>magio</em></span> <span class='ocrx_word' id='word_1_49' title='bbox 1226 1079 1326 1149; x_wconf 90' lang='lat' dir='ltr'><em>credo.</em></span> <span class='ocrx_word' id='word_1_50' title='bbox 1374 1075 1518 1147; x_wconf 90' lang='lat' dir='ltr'><em>Latius:</em></span> <span class='ocrx_word' id='word_1_51' title='bbox 1544 1075 1673 1147; x_wconf 86' lang='lat' dir='ltr'><em>Omnino</em></span> <span class='ocrx_word' id='word_1_52' title='bbox 1693 1076 1781 1145; x_wconf 82' lang='lat' dir='ltr'><em>veri·</em></span> 
     </span>
     <span class='ocr_line' id='line_1_7' title="bbox 431 1163 1781 1265; baseline 0.001 -26"><span class='ocrx_word' id='word_1_53' title='bbox 431 1163 535 1257; x_wconf 75' lang='lat' dir='ltr'><em>fimilc</em></span> <span class='ocrx_word' id='word_1_54' title='bbox 554 1163 596 1250; x_wconf 80' lang='lat' dir='ltr'><em>esi</em></span> <span class='ocrx_word' id='word_1_55' title='bbox 614 1173 655 1240; x_wconf 91' lang='lat' dir='ltr'><em>ad</em></span> <span class='ocrx_word' id='word_1_56' title='bbox 675 1176 923 1265; x_wconf 83' lang='lat' dir='ltr'><em>promontorium</em></span> <span class='ocrx_word' id='word_1_57' title='bbox 944 1170 1047 1244; x_wconf 81' lang='lat' dir='ltr'><em>Tabim</em></span> <span class='ocrx_word' id='word_1_58' title='bbox 1074 1190 1130 1243; x_wconf 87' lang='lat' dir='ltr'><em>aut</em></span> <span class='ocrx_word' id='word_1_59' title='bbox 1153 1169 1302 1261; x_wconf 88' lang='lat' dir='ltr'><em>Catajam</em></span> <span class='ocrx_word' id='word_1_60' title='bbox 1332 1168 1455 1264; x_wconf 79' lang='lat' dir='ltr'><em>angtosto</em></span> <span class='ocrx_word' id='word_1_61' title='bbox 1475 1166 1562 1260; x_wconf 72' lang='lat' dir='ltr'><em>sicto</em></span> <span class='ocrx_word' id='word_1_62' title='bbox 1592 1172 1781 1241; x_wconf 80' lang='lat' dir='ltr'><em>continentes</em></span> 
     </span>
     <span class='ocr_line' id='line_1_8' title="bbox 435 1266 1783 1363; baseline 0.002 -27"><span class='ocrx_word' id='word_1_63' title='bbox 435 1266 551 1336; x_wconf 83' lang='lat' dir='ltr'><em>dividi.</em></span> <span class='ocrx_word' id='word_1_64' title='bbox 606 1266 788 1362; x_wconf 72' lang='lat' dir='ltr'><em>conspirant</em></span> <span class='ocrx_word' id='word_1_65' title='bbox 805 1270 1004 1362; x_wconf 79' lang='lat' dir='ltr'><em>Gcograplti,</em></span> <span class='ocrx_word' id='word_1_66' title='bbox 1028 1272 1084 1363; x_wconf 85' lang='lat' dir='ltr'><em>qui</em></span> <span class='ocrx_word' id='word_1_67' title='bbox 1101 1272 1132 1339; x_wconf 87' lang='lat' dir='ltr'><em>ei</em></span> <span class='ocrx_word' id='word_1_68' title='bbox 1151 1270 1248 1339; x_wconf 88' lang='lat' dir='ltr'><em>etiam</em></span> <span class='ocrx_word' id='word_1_69' title='bbox 1260 1292 1367 1340; x_wconf 86' lang='lat' dir='ltr'><em>nomen</em></span> <span class='ocrx_word' id='word_1_70' title='bbox 1384 1270 1490 1342; x_wconf 81' lang='lat' dir='ltr'><em>Anien</em></span> <span class='ocrx_word' id='word_1_71' title='bbox 1513 1271 1695 1363; x_wconf 80' lang='lat' dir='ltr'><em>inponunt:</em></span> <span class='ocrx_word' id='word_1_72' title='bbox 1716 1289 1783 1363; x_wconf 79' lang='lat' dir='ltr'><em>qna</em></span> 
     </span>
     <span class='ocr_line' id='line_1_9' title="bbox 428 1355 1782 1461; baseline 0.003 -30"><span class='ocrx_word' id='word_1_73' title='bbox 428 1355 496 1453; x_wconf 83' lang='lat' dir='ltr'><em>fide</em></span> <span class='ocrx_word' id='word_1_74' title='bbox 510 1364 554 1435; x_wconf 72' lang='lat' dir='ltr'><em>O</em></span> <span class='ocrx_word' id='word_1_75' title='bbox 578 1364 770 1436; x_wconf 76' lang='lat' dir='ltr'><em>aniioritate</em></span> <span class='ocrx_word' id='word_1_76' title='bbox 790 1366 954 1436; x_wconf 75' lang='lat' dir='ltr'><em>incertam.</em></span> <span class='ocrx_word' id='word_1_77' title='bbox 1002 1371 1053 1438; x_wconf 91' lang='lat' dir='ltr'><em>At</em></span> <span class='ocrx_word' id='word_1_78' title='bbox 1076 1368 1133 1461; x_wconf 86' lang='lat' dir='ltr'><em>qui</em></span> <span class='ocrx_word' id='word_1_79' title='bbox 1152 1367 1293 1458; x_wconf 85' lang='lat' dir='ltr'><em>regiones</em></span> <span class='ocrx_word' id='word_1_80' title='bbox 1309 1366 1378 1438; x_wconf 80' lang='lat' dir='ltr'><em>illae</em></span> <span class='ocrx_word' id='word_1_81' title='bbox 1395 1389 1465 1436; x_wconf 86' lang='lat' dir='ltr'><em>cum</em></span> <span class='ocrx_word' id='word_1_82' title='bbox 1489 1388 1566 1435; x_wconf 82' lang='lat' dir='ltr'><em>ctera</em></span> <span class='ocrx_word' id='word_1_83' title='bbox 1588 1360 1782 1445; x_wconf 72' lang='lat' dir='ltr'><em>lustrarunt.</em></span> 
     </span>
     <span class='ocr_line' id='line_1_10' title="bbox 436 1460 1783 1555; baseline 0 -24"><span class='ocrx_word' id='word_1_84' title='bbox 436 1462 534 1531; x_wconf 80' lang='lat' dir='ltr'><em>maris</em></span> <span class='ocrx_word' id='word_1_85' title='bbox 551 1461 594 1532; x_wconf 78' lang='lat' dir='ltr'><em>O·</em></span> <span class='ocrx_word' id='word_1_86' title='bbox 612 1462 753 1539; x_wconf 88' lang='lat' dir='ltr'><em>Oceani,</em></span> <span class='ocrx_word' id='word_1_87' title='bbox 778 1461 894 1533; x_wconf 79' lang='lat' dir='ltr'><em>nulline</em></span> <span class='ocrx_word' id='word_1_88' title='bbox 915 1487 992 1534; x_wconf 82' lang='lat' dir='ltr'><em>nero</em></span> <span class='ocrx_word' id='word_1_89' title='bbox 1016 1460 1100 1553; x_wconf 73' lang='lat' dir='ltr'><em>freti</em></span> <span class='ocrx_word' id='word_1_90' title='bbox 1124 1464 1338 1534; x_wconf 88' lang='lat' dir='ltr'><em>meminerunt.</em></span> <span class='ocrx_word' id='word_1_91' title='bbox 1387 1464 1568 1534; x_wconf 81' lang='lat' dir='ltr'><em>Lndovicnc</em></span> <span class='ocrx_word' id='word_1_92' title='bbox 1596 1464 1783 1555; x_wconf 87' lang='lat' dir='ltr'><em>Hennepin,</em></span> 
     </span>
     <span class='ocr_line' id='line_1_11' title="bbox 438 1552 1781 1648; baseline 0.001 -21"><span class='ocrx_word' id='word_1_93' title='bbox 438 1552 677 1628; x_wconf 74' lang='lat' dir='ltr'><em>franciscanus</em></span> <span class='ocrx_word' id='word_1_94' title='bbox 707 1555 957 1637; x_wconf 86' lang='lat' dir='ltr'><em>Milsronarius,</em></span> <span class='ocrx_word' id='word_1_95' title='bbox 985 1558 1020 1627; x_wconf 94' lang='lat' dir='ltr'><em>in</em></span> <span class='ocrx_word' id='word_1_96' title='bbox 1040 1559 1145 1632; x_wconf 82' lang='lat' dir='ltr'><em>Nova</em></span> <span class='ocrx_word' id='word_1_97' title='bbox 1164 1556 1350 1631; x_wconf 74' lang='lat' dir='ltr'><em>Detenione</em></span> <span class='ocrx_word' id='word_1_98' title='bbox 1367 1559 1520 1632; x_wconf 82' lang='lat' dir='ltr'><em>Ameticae</em></span> <span class='ocrx_word' id='word_1_99' title='bbox 1550 1560 1781 1648; x_wconf 74' lang='lat' dir='ltr'><em>Septentrione-</em></span> 
     </span>
     <span class='ocr_line' id='line_1_12' title="bbox 413 1647 1784 1749; baseline -0.001 -24"><span class='ocrx_word' id='word_1_100' title='bbox 413 1651 498 1725; x_wconf 71' lang='lat' dir='ltr'><em>iic:</em></span> <span class='ocrx_word' id='word_1_101' title='bbox 525 1672 593 1746; x_wconf 82' lang='lat' dir='ltr'><em>cop.</em></span> <span class='ocrx_word' id='word_1_102' title='bbox 608 1676 714 1726; x_wconf 79' lang='lat' dir='ltr'><em>rv11.</em></span> <span class='ocrx_word' id='word_1_103' title='bbox 736 1666 873 1732; x_wconf 79' lang='lat' dir='ltr'><em>narrat,</em></span> <span class='ocrx_word' id='word_1_104' title='bbox 900 1654 935 1724; x_wconf 94' lang='lat' dir='ltr'><em>in</em></span> <span class='ocrx_word' id='word_1_105' title='bbox 958 1653 1264 1749; x_wconf 87' lang='lat' dir='ltr'><em>Septentrionalem</em></span> <span class='ocrx_word' id='word_1_106' title='bbox 1281 1656 1474 1727; x_wconf 86' lang='lat' dir='ltr'><em>Americam</em></span> <span class='ocrx_word' id='word_1_107' title='bbox 1499 1654 1542 1725; x_wconf 89' lang='lat' dir='ltr'><em>ad</em></span> <span class='ocrx_word' id='word_1_108' title='bbox 1562 1651 1711 1733; x_wconf 85' lang='lat' dir='ltr'><em>Issatios,</em></span> <span class='ocrx_word' id='word_1_109' title='bbox 1740 1647 1784 1724; x_wconf 77' lang='lat' dir='ltr'><em>sr-</em></span> 
     </span>
     <span class='ocr_line' id='line_1_13' title="bbox 437 1748 1783 1843; baseline 0 -23"><span class='ocrx_word' id='word_1_110' title='bbox 437 1770 495 1820; x_wconf 88' lang='lat' dir='ltr'><em>tos</em></span> <span class='ocrx_word' id='word_1_111' title='bbox 516 1770 623 1843; x_wconf 87' lang='lat' dir='ltr'><em>prope</em></span> <span class='ocrx_word' id='word_1_112' title='bbox 639 1749 741 1821; x_wconf 91' lang='lat' dir='ltr'><em>illum</em></span> <span class='ocrx_word' id='word_1_113' title='bbox 760 1752 902 1819; x_wconf 65' lang='lat' dir='ltr'><em>troitum</em></span> <span class='ocrx_word' id='word_1_114' title='bbox 924 1750 983 1820; x_wconf 91' lang='lat' dir='ltr'><em>ubi</em></span> <span class='ocrx_word' id='word_1_115' title='bbox 1005 1748 1193 1822; x_wconf 91' lang='lat' dir='ltr'><em>collocatur</em></span> <span class='ocrx_word' id='word_1_116' title='bbox 1212 1750 1334 1821; x_wconf 86' lang='lat' dir='ltr'><em>fretum</em></span> <span class='ocrx_word' id='word_1_117' title='bbox 1357 1752 1490 1831; x_wconf 86' lang='lat' dir='ltr'><em>Anian,</em></span> <span class='ocrx_word' id='word_1_118' title='bbox 1518 1777 1562 1822; x_wconf 87' lang='lat' dir='ltr'><em>ex</em></span> <span class='ocrx_word' id='word_1_119' title='bbox 1590 1748 1783 1822; x_wconf 77' lang='lat' dir='ltr'><em>Occidente</em></span> 
     </span>
     <span class='ocr_line' id='line_1_14' title="bbox 437 1839 1784 1941; baseline 0.001 -26"><span class='ocrx_word' id='word_1_120' title='bbox 437 1839 563 1915; x_wconf 82' lang='lat' dir='ltr'><em>venisse</em></span> <span class='ocrx_word' id='word_1_121' title='bbox 582 1844 736 1941; x_wconf 84' lang='lat' dir='ltr'><em>legatos,</em></span> <span class='ocrx_word' id='word_1_122' title='bbox 765 1847 826 1941; x_wconf 90' lang='lat' dir='ltr'><em>qui</em></span> <span class='ocrx_word' id='word_1_123' title='bbox 850 1867 998 1941; x_wconf 84' lang='lat' dir='ltr'><em>quatuor</em></span> <span class='ocrx_word' id='word_1_124' title='bbox 1007 1842 1170 1917; x_wconf 77' lang='lat' dir='ltr'><em>mensium</em></span> <span class='ocrx_word' id='word_1_125' title='bbox 1181 1844 1329 1918; x_wconf 85' lang='lat' dir='ltr'><em>terrestre</em></span> <span class='ocrx_word' id='word_1_126' title='bbox 1340 1849 1402 1918; x_wconf 87' lang='lat' dir='ltr'><em>iter</em></span> <span class='ocrx_word' id='word_1_127' title='bbox 1421 1843 1542 1919; x_wconf 83' lang='lat' dir='ltr'><em>emenst</em></span> <span class='ocrx_word' id='word_1_128' title='bbox 1563 1868 1673 1926; x_wconf 88' lang='lat' dir='ltr'><em>erant,</em></span> <span class='ocrx_word' id='word_1_129' title='bbox 1702 1845 1784 1918; x_wconf 86' lang='lat' dir='ltr'><em>nul-</em></span> 
     </span>
     <span class='ocr_line' id='line_1_15' title="bbox 439 1936 1891 2036; baseline 0.001 -22"><span class='ocrx_word' id='word_1_130' title='bbox 439 1939 510 2014; x_wconf 90' lang='lat' dir='ltr'><em>lius</em></span> <span class='ocrx_word' id='word_1_131' title='bbox 526 1939 600 2012; x_wconf 84' lang='lat' dir='ltr'><em>steti</em></span> <span class='ocrx_word' id='word_1_132' title='bbox 619 1936 762 2016; x_wconf 88' lang='lat' dir='ltr'><em>conscii:</em></span> <span class='ocrx_word' id='word_1_133' title='bbox 790 1936 1008 2014; x_wconf 75' lang='lat' dir='ltr'><em>asseverantes</em></span> <span class='ocrx_word' id='word_1_134' title='bbox 1026 1944 1060 2013; x_wconf 95' lang='lat' dir='ltr'><em>in</em></span> <span class='ocrx_word' id='word_1_135' title='bbox 1082 1938 1287 2014; x_wconf 88' lang='lat' dir='ltr'><em>immensum</em></span> <span class='ocrx_word' id='word_1_136' title='bbox 1304 1938 1336 2014; x_wconf 89' lang='lat' dir='ltr'><em>se</em></span> <span class='ocrx_word' id='word_1_137' title='bbox 1359 1942 1541 2016; x_wconf 83' lang='lat' dir='ltr'><em>extendere</em></span> <span class='ocrx_word' id='word_1_138' title='bbox 1564 1940 1646 2015; x_wconf 90' lang='lat' dir='ltr'><em>vasti</em></span> <span class='ocrx_word' id='word_1_139' title='bbox 1668 1943 1781 2036; x_wconf 77' lang='lat' dir='ltr'><em>conti·</em></span> <span class='ocrx_word' id='word_1_140' title='bbox 1887 2009 1891 2015; x_wconf 83' lang='lat'><strong>.</strong></span> 
     </span>
     <span class='ocr_line' id='line_1_16' title="bbox 440 2038 1782 2137; baseline 0.003 -26"><span class='ocrx_word' id='word_1_141' title='bbox 440 2038 553 2111; x_wconf 90' lang='lat' dir='ltr'><em>nentis</em></span> <span class='ocrx_word' id='word_1_142' title='bbox 581 2058 696 2111; x_wconf 87' lang='lat' dir='ltr'><em>terras.</em></span> <span class='ocrx_word' id='word_1_143' title='bbox 748 2043 797 2111; x_wconf 89' lang='lat' dir='ltr'><em>At</em></span> <span class='ocrx_word' id='word_1_144' title='bbox 816 2063 885 2110; x_wconf 93' lang='lat' dir='ltr'><em>non</em></span> <span class='ocrx_word' id='word_1_145' title='bbox 904 2063 971 2137; x_wconf 85' lang='lat' dir='ltr'><em>ego</em></span> <span class='ocrx_word' id='word_1_146' title='bbox 990 2038 1148 2111; x_wconf 88' lang='lat' dir='ltr'><em>credulus</em></span> <span class='ocrx_word' id='word_1_147' title='bbox 1174 2039 1250 2121; x_wconf 90' lang='lat' dir='ltr'><em>illi,</em></span> <span class='ocrx_word' id='word_1_148' title='bbox 1279 2044 1381 2111; x_wconf 90' lang='lat' dir='ltr'><em>toties</em></span> <span class='ocrx_word' id='word_1_149' title='bbox 1401 2042 1562 2111; x_wconf 87' lang='lat' dir='ltr'><em>vanitatis</em></span> <span class='ocrx_word' id='word_1_150' title='bbox 1589 2060 1782 2135; x_wconf 81' lang='lat' dir='ltr'><em>comperto·</em></span> 
     </span>
     <span class='ocr_line' id='line_1_17' title="bbox 437 2130 1780 2233; baseline -0.001 -26"><span class='ocrx_word' id='word_1_151' title='bbox 437 2137 484 2207; x_wconf 85' lang='lat' dir='ltr'><em>Et</em></span> <span class='ocrx_word' id='word_1_152' title='bbox 503 2130 544 2206; x_wconf 83' lang='lat' dir='ltr'><em>stc</em></span> <span class='ocrx_word' id='word_1_153' title='bbox 567 2135 714 2207; x_wconf 88' lang='lat' dir='ltr'><em>necdum</em></span> <span class='ocrx_word' id='word_1_154' title='bbox 733 2134 907 2233; x_wconf 82' lang='lat' dir='ltr'><em>Apostolis</em></span> <span class='ocrx_word' id='word_1_155' title='bbox 928 2138 982 2205; x_wconf 89' lang='lat' dir='ltr'><em>via</em></span> <span class='ocrx_word' id='word_1_156' title='bbox 1003 2136 1038 2207; x_wconf 90' lang='lat' dir='ltr'><em>in</em></span> <span class='ocrx_word' id='word_1_157' title='bbox 1062 2137 1402 2209; x_wconf 86' lang='lat' dir='ltr'><em>Americaminventa</em></span> <span class='ocrx_word' id='word_1_158' title='bbox 1427 2133 1483 2208; x_wconf 89' lang='lat' dir='ltr'><em>est.</em></span> <span class='ocrx_word' id='word_1_159' title='bbox 1535 2140 1602 2217; x_wconf 87' lang='lat' dir='ltr'><em>At,</em></span> <span class='ocrx_word' id='word_1_160' title='bbox 1630 2136 1780 2231; x_wconf 74' lang='lat' dir='ltr'><em>inquire,</em></span> 
     </span>
     <span class='ocr_line' id='line_1_18' title="bbox 437 2228 1784 2329; baseline 0.001 -27"><span class='ocrx_word' id='word_1_161' title='bbox 437 2231 555 2311; x_wconf 89' lang='lat' dir='ltr'><em>unde,</em></span> <span class='ocrx_word' id='word_1_162' title='bbox 584 2236 620 2303; x_wconf 74' lang='grc' dir='ltr'><em>ὅ(</em></span> <span class='ocrx_word' id='word_1_163' title='bbox 635 2257 724 2329; x_wconf 91' lang='lat' dir='ltr'><em>qua,</em></span> <span class='ocrx_word' id='word_1_164' title='bbox 753 2232 829 2328; x_wconf 91' lang='lat' dir='ltr'><em>post</em></span> <span class='ocrx_word' id='word_1_165' title='bbox 855 2231 1026 2304; x_wconf 90' lang='lat' dir='ltr'><em>diluvium</em></span> <span class='ocrx_word' id='word_1_166' title='bbox 1051 2236 1088 2305; x_wconf 75' lang='grc' dir='ltr'><em>δι</em></span> <span class='ocrx_word' id='word_1_167' title='bbox 1106 2258 1216 2304; x_wconf 88' lang='lat' dir='ltr'><em>arcam</em></span> <span class='ocrx_word' id='word_1_168' title='bbox 1235 2232 1330 2305; x_wconf 91' lang='lat' dir='ltr'><em>illam</em></span> <span class='ocrx_word' id='word_1_169' title='bbox 1351 2230 1508 2313; x_wconf 89' lang='lat' dir='ltr'><em>Noachi,</em></span> <span class='ocrx_word' id='word_1_170' title='bbox 1537 2228 1595 2329; x_wconf 83' lang='lat' dir='ltr'><em>ipsi</em></span> <span class='ocrx_word' id='word_1_171' title='bbox 1624 2230 1784 2303; x_wconf 85' lang='lat' dir='ltr'><em>homines</em></span> 
     </span>
     <span class='ocr_line' id='line_1_19' title="bbox 438 2325 1785 2427; baseline 0 -28"><span class='ocrx_word' id='word_1_172' title='bbox 438 2330 552 2399; x_wconf 88' lang='lat' dir='ltr'><em>&amp;tot</em></span> <span class='ocrx_word' id='word_1_173' title='bbox 580 2329 738 2401; x_wconf 88' lang='lat' dir='ltr'><em>animalia</em></span> <span class='ocrx_word' id='word_1_174' title='bbox 760 2355 802 2401; x_wconf 93' lang='lat' dir='ltr'><em>eo</em></span> <span class='ocrx_word' id='word_1_175' title='bbox 827 2327 1015 2400; x_wconf 67' lang='lat' dir='ltr'><em>venerunt?</em></span> <span class='ocrx_word' id='word_1_176' title='bbox 1042 2336 1164 2401; x_wconf 86' lang='lat' dir='ltr'><em>Fateor</em></span> <span class='ocrx_word' id='word_1_177' title='bbox 1184 2356 1238 2403; x_wconf 90' lang='lat' dir='ltr'><em>me</em></span> <span class='ocrx_word' id='word_1_178' title='bbox 1256 2326 1393 2402; x_wconf 88' lang='lat' dir='ltr'><em>nescite.</em></span> <span class='ocrx_word' id='word_1_179' title='bbox 1449 2336 1543 2402; x_wconf 87' lang='lat' dir='ltr'><em>Nam</em></span> <span class='ocrx_word' id='word_1_180' title='bbox 1575 2327 1671 2427; x_wconf 88' lang='lat' dir='ltr'><em>quod</em></span> <span class='ocrx_word' id='word_1_181' title='bbox 1697 2325 1785 2399; x_wconf 87' lang='lat' dir='ltr'><em>mari</em></span> 
     </span>
     <span class='ocr_line' id='line_1_20' title="bbox 438 2423 1784 2524; baseline 0 -29"><span class='ocrx_word' id='word_1_182' title='bbox 438 2423 557 2497; x_wconf 69' lang='lat' dir='ltr'><em>dicas?</em></span> <span class='ocrx_word' id='word_1_183' title='bbox 582 2450 687 2521; x_wconf 90' lang='lat' dir='ltr'><em>quam</em></span> <span class='ocrx_word' id='word_1_184' title='bbox 714 2426 803 2498; x_wconf 82' lang='lat' dir='ltr'><em>valla</em></span> <span class='ocrx_word' id='word_1_185' title='bbox 825 2449 862 2495; x_wconf 90' lang='lat' dir='ltr'><em>ea</em></span> <span class='ocrx_word' id='word_1_186' title='bbox 888 2427 1084 2522; x_wconf 86' lang='lat' dir='ltr'><em>navigatio,</em></span> <span class='ocrx_word' id='word_1_187' title='bbox 1111 2428 1256 2499; x_wconf 86' lang='lat' dir='ltr'><em>nauticae</em></span> <span class='ocrx_word' id='word_1_188' title='bbox 1280 2429 1329 2500; x_wconf 85' lang='lat' dir='ltr'><em>rei</em></span> <span class='ocrx_word' id='word_1_189' title='bbox 1350 2423 1543 2523; x_wconf 66' lang='lat' dir='ltr'><em>imperitis?</em></span> <span class='ocrx_word' id='word_1_190' title='bbox 1576 2429 1656 2524; x_wconf 89' lang='lat' dir='ltr'><em>quis</em></span> <span class='ocrx_word' id='word_1_191' title='bbox 1679 2424 1784 2495; x_wconf 86' lang='lat' dir='ltr'><em>etiam</em></span> 
     </span>
     <span class='ocr_line' id='line_1_21' title="bbox 437 2512 1786 2620; baseline -0.004 -25"><span class='ocrx_word' id='word_1_192' title='bbox 437 2544 512 2595; x_wconf 86' lang='lat' dir='ltr'><em>tam</em></span> <span class='ocrx_word' id='word_1_193' title='bbox 532 2512 684 2620; x_wconf 77' lang='lat' dir='ltr'><em>ingentia</em></span> <span class='ocrx_word' id='word_1_194' title='bbox 702 2521 884 2601; x_wconf 88' lang='lat' dir='ltr'><em>animalia,</em></span> <span class='ocrx_word' id='word_1_195' title='bbox 913 2547 949 2593; x_wconf 87' lang='lat' dir='ltr'><em>ac</em></span> <span class='ocrx_word' id='word_1_196' title='bbox 961 2521 1105 2618; x_wconf 89' lang='lat' dir='ltr'><em>quidem</em></span> <span class='ocrx_word' id='word_1_197' title='bbox 1115 2525 1220 2595; x_wconf 91' lang='lat' dir='ltr'><em>noxia</em></span> <span class='ocrx_word' id='word_1_198' title='bbox 1238 2523 1366 2603; x_wconf 90' lang='lat' dir='ltr'><em>multa,</em></span> <span class='ocrx_word' id='word_1_199' title='bbox 1394 2520 1640 2596; x_wconf 64' lang='lat' dir='ltr'><em>transvexerit?</em></span> <span class='ocrx_word' id='word_1_200' title='bbox 1667 2517 1786 2610; x_wconf 85' lang='lat' dir='ltr'><em>eaob·</em></span> 
     </span>
     <span class='ocr_line' id='line_1_22' title="bbox 436 2611 1784 2717; baseline -0.005 -24"><span class='ocrx_word' id='word_1_201' title='bbox 436 2614 585 2693; x_wconf 85' lang='lat' dir='ltr'><em>servatio</em></span> <span class='ocrx_word' id='word_1_202' title='bbox 605 2611 763 2700; x_wconf 87' lang='lat' dir='ltr'><em>inclinat,</em></span> <span class='ocrx_word' id='word_1_203' title='bbox 791 2640 829 2690; x_wconf 91' lang='lat' dir='ltr'><em>ut</em></span> <span class='ocrx_word' id='word_1_204' title='bbox 850 2615 1030 2690; x_wconf 88' lang='lat' dir='ltr'><em>finitimam</em></span> <span class='ocrx_word' id='word_1_205' title='bbox 1048 2618 1136 2690; x_wconf 92' lang='lat' dir='ltr'><em>olim</em></span> <span class='ocrx_word' id='word_1_206' title='bbox 1155 2624 1303 2717; x_wconf 88' lang='lat' dir='ltr'><em>Europae</em></span> <span class='ocrx_word' id='word_1_207' title='bbox 1320 2643 1424 2717; x_wconf 87' lang='lat' dir='ltr'><em>atque</em></span> <span class='ocrx_word' id='word_1_208' title='bbox 1448 2617 1533 2691; x_wconf 81' lang='lat' dir='ltr'><em>Astae</em></span> <span class='ocrx_word' id='word_1_209' title='bbox 1559 2613 1653 2691; x_wconf 84' lang='lat' dir='ltr'><em>suilse</em></span> <span class='ocrx_word' id='word_1_210' title='bbox 1676 2611 1784 2712; x_wconf 88' lang='lat' dir='ltr'><em>suspi-</em></span> 
     </span>
    </p>
   </div>
   <div class='ocr_carea' id='block_1_3' title="bbox 437 2710 1965 3203">
    <p class='ocr_par' dir='ltr' id='par_1_3' title="bbox 438 2710 1785 2999">
     <span class='ocr_line' id='line_1_23' title="bbox 439 2710 1785 2813; baseline -0.007 -21"><span class='ocrx_word' id='word_1_211' title='bbox 439 2741 515 2796; x_wconf 89' lang='lat' dir='ltr'><em>cer,</em></span> <span class='ocrx_word' id='word_1_212' title='bbox 543 2719 580 2789; x_wconf 91' lang='lat'>&amp;</span> <span class='ocrx_word' id='word_1_213' title='bbox 609 2715 743 2788; x_wconf 84' lang='lat' dir='ltr'><em>facilem</em></span> <span class='ocrx_word' id='word_1_214' title='bbox 767 2716 802 2787; x_wconf 93' lang='lat' dir='ltr'><em>in</em></span> <span class='ocrx_word' id='word_1_215' title='bbox 827 2740 902 2786; x_wconf 91' lang='lat' dir='ltr'><em>eam</em></span> <span class='ocrx_word' id='word_1_216' title='bbox 923 2736 1012 2786; x_wconf 88' lang='lat' dir='ltr'><em>trans</em></span> <span class='ocrx_word' id='word_1_217' title='bbox 1038 2710 1181 2788; x_wconf 83' lang='lat' dir='ltr'><em>cessum:</em></span> <span class='ocrx_word' id='word_1_218' title='bbox 1207 2716 1323 2813; x_wconf 77' lang='lat' dir='ltr'><em>possea</em></span> <span class='ocrx_word' id='word_1_219' title='bbox 1346 2714 1538 2797; x_wconf 87' lang='lat' dir='ltr'><em>divulsam,</em></span> <span class='ocrx_word' id='word_1_220' title='bbox 1568 2719 1785 2810; x_wconf 79' lang='lat' dir='ltr'><em>&amp;exparte</em></span> 
     </span>
     <span class='ocr_line' id='line_1_24' title="bbox 440 2736 1785 2912; baseline -0.003 -26"><span class='ocrx_word' id='word_1_221' title='bbox 440 2807 610 2886; x_wconf 85' lang='lat' dir='ltr'><em>mersam:</em></span> <span class='ocrx_word' id='word_1_222' title='bbox 638 2814 675 2883; x_wconf 72' lang='grc' dir='ltr'><em>δε</em></span> <span class='ocrx_word' id='word_1_223' title='bbox 697 2833 811 2885; x_wconf 89' lang='lat' dir='ltr'><em>tamen</em></span> <span class='ocrx_word' id='word_1_224' title='bbox 832 2810 991 2883; x_wconf 88' lang='lat' dir='ltr'><em>homines</em></span> <span class='ocrx_word' id='word_1_225' title='bbox 1008 2736 1058 2884; x_wconf 65' lang='lat' dir='ltr'><em>isti</em></span> <span class='ocrx_word' id='word_1_226' title='bbox 1078 2834 1181 2909; x_wconf 87' lang='lat' dir='ltr'><em>atque</em></span> <span class='ocrx_word' id='word_1_227' title='bbox 1204 2813 1363 2887; x_wconf 86' lang='lat' dir='ltr'><em>animalia</em></span> <span class='ocrx_word' id='word_1_228' title='bbox 1381 2812 1547 2912; x_wconf 88' lang='lat' dir='ltr'><em>reliqua,</em></span> <span class='ocrx_word' id='word_1_229' title='bbox 1584 2835 1664 2911; x_wconf 91' lang='lat' dir='ltr'><em>quae</em></span> <span class='ocrx_word' id='word_1_230' title='bbox 1696 2808 1785 2883; x_wconf 87' lang='lat' dir='ltr'><em>olim</em></span> 
     </span>
     <span class='ocr_line' id='line_1_25' title="bbox 438 2907 927 2999; baseline 0 -17"><span class='ocrx_word' id='word_1_231' title='bbox 438 2908 485 2983; x_wconf 76' lang='lat' dir='ltr'><em>ab</em></span> <span class='ocrx_word' id='word_1_232' title='bbox 505 2934 543 2981; x_wconf 91' lang='lat' dir='ltr'><em>ea</em></span> <span class='ocrx_word' id='word_1_233' title='bbox 563 2910 800 2999; x_wconf 67' lang='lat' dir='ltr'><em>conjunstione</em></span> <span class='ocrx_word' id='word_1_234' title='bbox 820 2907 927 2982; x_wconf 87' lang='lat' dir='ltr'><em>illata.</em></span> 
     </span>
    </p>

    <p class='ocr_par' dir='ltr' id='par_1_4' title="bbox 437 3004 1965 3203">
     <span class='ocr_line' id='line_1_26' title="bbox 539 3004 1965 3107; baseline -0.004 -29"><span class='ocrx_word' id='word_1_235' title='bbox 539 3011 673 3080; x_wconf 86' lang='lat' dir='ltr'><strong>XLVl.</strong></span> <span class='ocrx_word' id='word_1_236' title='bbox 724 3011 771 3077; x_wconf 89' lang='lat' dir='ltr'><em>At</em></span> <span class='ocrx_word' id='word_1_237' title='bbox 789 3005 880 3078; x_wconf 87' lang='lat' dir='ltr'><em>deA</em></span> <span class='ocrx_word' id='word_1_238' title='bbox 909 3004 1049 3090; x_wconf 89' lang='lat' dir='ltr'><em>ostolis,</em></span> <span class='ocrx_word' id='word_1_239' title='bbox 1076 3010 1216 3107; x_wconf 90' lang='lat' dir='ltr'><em>inepta,</em></span> <span class='ocrx_word' id='word_1_240' title='bbox 1244 3010 1401 3106; x_wconf 77' lang='lat' dir='ltr'><em>inquies,</em></span> <span class='ocrx_word' id='word_1_241' title='bbox 1430 3032 1526 3084; x_wconf 88' lang='lat' dir='ltr'><em>cura:</em></span> <span class='ocrx_word' id='word_1_242' title='bbox 1555 3005 1700 3105; x_wconf 78' lang='lat' dir='ltr'><em>sineque</em></span> <span class='ocrx_word' id='word_1_243' title='bbox 1713 3029 1787 3079; x_wconf 86' lang='lat' dir='ltr'><em>ma·</em></span> <span class='ocrx_word' id='word_1_244' title='bbox 1797 3008 1899 3105; x_wconf 68' lang='lat' dir='ltr'><em>xlvi.</em></span> <span class='ocrx_word' id='word_1_245' title='bbox 1919 3010 1965 3073; x_wconf 78' lang='lat' dir='ltr'><em>u·</em></span> 
     </span>
     <span class='ocr_line' id='line_1_27' title="bbox 437 3032 1965 3203; baseline -0.006 -23"><span class='ocrx_word' id='word_1_246' title='bbox 437 3104 489 3185; x_wconf 86' lang='lat' dir='ltr'><em>ri,</em></span> <span class='ocrx_word' id='word_1_247' title='bbox 516 3127 628 3201; x_wconf 87' lang='lat' dir='ltr'><em>neque</em></span> <span class='ocrx_word' id='word_1_248' title='bbox 647 3124 758 3188; x_wconf 80' lang='lat' dir='ltr'><em>terra3</em></span> <span class='ocrx_word' id='word_1_249' title='bbox 783 3125 818 3174; x_wconf 88' lang='lat' dir='ltr'><em>at</em></span> <span class='ocrx_word' id='word_1_250' title='bbox 836 3032 924 3175; x_wconf 79' lang='lat' dir='ltr'><em>coelo</em></span> <span class='ocrx_word' id='word_1_251' title='bbox 941 3104 1061 3176; x_wconf 88' lang='lat' dir='ltr'><em>datum</em></span> <span class='ocrx_word' id='word_1_252' title='bbox 1082 3106 1145 3178; x_wconf 90' lang='lat' dir='ltr'><em>iter</em></span> <span class='ocrx_word' id='word_1_253' title='bbox 1163 3103 1222 3177; x_wconf 91' lang='lat' dir='ltr'><em>est.</em></span> <span class='ocrx_word' id='word_1_254' title='bbox 1275 3105 1442 3177; x_wconf 85' lang='lat' dir='ltr'><em>Fidilsrmi</em></span> <span class='ocrx_word' id='word_1_255' title='bbox 1456 3103 1599 3203; x_wconf 86' lang='lat' dir='ltr'><em>Jehovae</em></span> <span class='ocrx_word' id='word_1_256' title='bbox 1621 3087 1965 3198; x_wconf 45' lang='lat' dir='ltr'><em>suscepte-murus&amp;</em></span> 
     </span>
    </p>
   </div>
   <div class='ocr_carea' id='block_1_4' title="bbox 438 3163 1926 3297">
    <p class='ocr_par' dir='ltr' id='par_1_5' title="bbox 438 3163 1926 3297">
     <span class='ocr_line' id='line_1_28' title="bbox 438 3163 1926 3297; baseline -0.009 -22"><span class='ocrx_word' id='word_1_257' title='bbox 438 3222 495 3275; x_wconf 84' lang='lat' dir='ltr'><em>tes</em></span> <span class='ocrx_word' id='word_1_258' title='bbox 512 3196 666 3272; x_wconf 87' lang='lat' dir='ltr'><em>salutaria</em></span> <span class='ocrx_word' id='word_1_259' title='bbox 682 3193 766 3287; x_wconf 76' lang='lat' dir='ltr'><em>‘jussa</em></span> <span class='ocrx_word' id='word_1_260' title='bbox 781 3224 841 3295; x_wconf 89' lang='lat' dir='ltr'><em>per</em></span> <span class='ocrx_word' id='word_1_261' title='bbox 866 3223 963 3272; x_wconf 87' lang='lat' dir='ltr'><em>auras</em></span> <span class='ocrx_word' id='word_1_262' title='bbox 993 3200 1078 3272; x_wconf 87' lang='lat' dir='ltr'><em>ferre</em></span> <span class='ocrx_word' id='word_1_263' title='bbox 1110 3222 1310 3297; x_wconf 87' lang='lat' dir='ltr'><em>potuerunt.</em></span> <span class='ocrx_word' id='word_1_264' title='bbox 1362 3201 1629 3271; x_wconf 83' lang='lat' dir='ltr'><em>Facile-Divino</em></span> <span class='ocrx_word' id='word_1_265' title='bbox 1655 3196 1786 3296; x_wconf 88' lang='lat' dir='ltr'><em>spiritui</em></span> <span class='ocrx_word' id='word_1_266' title='bbox 1799 3164 1836 3239; x_wconf 78' lang='lat' dir='ltr'><em>Ap</em></span> <span class='ocrx_word' id='word_1_267' title='bbox 1838 3163 1926 3231; x_wconf 49' lang='grc' dir='ltr'><em>Μ’·</em></span> 
     </span>
    </p>
   </div>
   <div class='ocr_carea' id='block_1_5' title="bbox 438 3257 1965 4557">
    <p class='ocr_par' dir='ltr' id='par_1_6' title="bbox 438 3257 1965 3683">
     <span class='ocr_line' id='line_1_29' title="bbox 441 3257 1958 3392; baseline -0.005 -21"><span class='ocrx_word' id='word_1_268' title='bbox 441 3296 514 3378; x_wconf 82' lang='lat' dir='ltr'><em>est,</em></span> <span class='ocrx_word' id='word_1_269' title='bbox 541 3296 598 3368; x_wconf 91' lang='lat' dir='ltr'><em>vel</em></span> <span class='ocrx_word' id='word_1_270' title='bbox 620 3294 768 3369; x_wconf 89' lang='lat' dir='ltr'><em>crinibus</em></span> <span class='ocrx_word' id='word_1_271' title='bbox 794 3321 863 3367; x_wconf 87' lang='lat' dir='ltr'><em>arte</em></span> <span class='ocrx_word' id='word_1_272' title='bbox 890 3317 966 3375; x_wconf 92' lang='lat' dir='ltr'><em>tos,</em></span> <span class='ocrx_word' id='word_1_273' title='bbox 1002 3319 1209 3391; x_wconf 87' lang='lat' dir='ltr'><em>quacunque</em></span> <span class='ocrx_word' id='word_1_274' title='bbox 1237 3297 1273 3365; x_wconf 90' lang='lat'>&amp;</span> <span class='ocrx_word' id='word_1_275' title='bbox 1300 3317 1510 3392; x_wconf 90' lang='lat' dir='ltr'><em>quocunque</em></span> <span class='ocrx_word' id='word_1_276' title='bbox 1535 3296 1613 3366; x_wconf 93' lang='lat' dir='ltr'><em>vult</em></span> <span class='ocrx_word' id='word_1_277' title='bbox 1641 3257 1958 3386; x_wconf 50' lang='lat' dir='ltr'><em>deserteissisiiirz</em></span> 
     </span>
     <span class='ocr_line' id='line_1_30' title="bbox 439 3320 1965 3472; baseline -0.003 -6"><span class='ocrx_word' id='word_1_278' title='bbox 439 3392 548 3469; x_wconf 82' lang='lat' dir='ltr'><em>Vnde</em></span> <span class='ocrx_word' id='word_1_279' title='bbox 558 3412 673 3463; x_wconf 86' lang='lat' dir='ltr'><em>autem</em></span> <span class='ocrx_word' id='word_1_280' title='bbox 692 3390 840 3464; x_wconf 75' lang='lat' dir='ltr'><em>constare</em></span> <span class='ocrx_word' id='word_1_281' title='bbox 859 3320 951 3462; x_wconf 73' lang='lat' dir='ltr'><em>deca</em></span> <span class='ocrx_word' id='word_1_282' title='bbox 965 3416 1000 3463; x_wconf 91' lang='lat' dir='ltr'><em>re</em></span> <span class='ocrx_word' id='word_1_283' title='bbox 1046 3389 1149 3472; x_wconf 89' lang='lat' dir='ltr'><em>otest,</em></span> <span class='ocrx_word' id='word_1_284' title='bbox 1177 3386 1238 3462; x_wconf 82' lang='lat' dir='ltr'><em>nist</em></span> <span class='ocrx_word' id='word_1_285' title='bbox 1248 3389 1304 3461; x_wconf 90' lang='lat' dir='ltr'><em>vel</em></span> <span class='ocrx_word' id='word_1_286' title='bbox 1323 3416 1367 3465; x_wconf 87' lang='lat' dir='ltr'><em>ex</em></span> <span class='ocrx_word' id='word_1_287' title='bbox 1384 3392 1490 3462; x_wconf 90' lang='lat' dir='ltr'><em>verbo</em></span> <span class='ocrx_word' id='word_1_288' title='bbox 1502 3393 1588 3471; x_wconf 91' lang='lat' dir='ltr'><em>Dei,</em></span> <span class='ocrx_word' id='word_1_289' title='bbox 1618 3391 1673 3463; x_wconf 92' lang='lat' dir='ltr'><em>vel</em></span> <span class='ocrx_word' id='word_1_290' title='bbox 1683 3415 1787 3462; x_wconf 88' lang='lat' dir='ltr'><em>evtn-</em></span> <span class='ocrx_word' id='word_1_291' title='bbox 1797 3394 1880 3449; x_wconf 70' lang='lat' dir='ltr'><em>cicere</em></span> <span class='ocrx_word' id='word_1_292' title='bbox 1891 3387 1965 3452; x_wconf 67' lang='lat' dir='ltr'><em>”illi</em></span> 
     </span>
     <span class='ocr_line' id='line_1_31' title="bbox 438 3416 1900 3585; baseline -0.006 -18"><span class='ocrx_word' id='word_1_293' title='bbox 438 3490 510 3567; x_wconf 69' lang='lat' dir='ltr'><em>tui</em></span> <span class='ocrx_word' id='word_1_294' title='bbox 536 3487 605 3562; x_wconf 88' lang='lat' dir='ltr'><em>Sed</em></span> <span class='ocrx_word' id='word_1_295' title='bbox 625 3497 784 3561; x_wconf 85' lang='lat' dir='ltr'><em>neutrum</em></span> <span class='ocrx_word' id='word_1_296' title='bbox 805 3486 931 3560; x_wconf 89' lang='lat' dir='ltr'><em>horum</em></span> <span class='ocrx_word' id='word_1_297' title='bbox 951 3416 1145 3585; x_wconf 77' lang='lat' dir='ltr'><em>quidquam</em></span> <span class='ocrx_word' id='word_1_298' title='bbox 1174 3482 1311 3579; x_wconf 87' lang='lat' dir='ltr'><em>hujusce</em></span> <span class='ocrx_word' id='word_1_299' title='bbox 1339 3487 1453 3560; x_wconf 88' lang='lat' dir='ltr'><em>docet.</em></span> <span class='ocrx_word' id='word_1_300' title='bbox 1510 3488 1697 3585; x_wconf 85' lang='lat' dir='ltr'><em>Apostolos</em></span> <span class='ocrx_word' id='word_1_301' title='bbox 1725 3470 1900 3558; x_wconf 66' lang='lat' dir='ltr'><em>au-‘sm’l‘t</em></span> 
     </span>
     <span class='ocr_line' id='line_1_32' title="bbox 440 3580 1814 3683; baseline -0.001 -23"><span class='ocrx_word' id='word_1_302' title='bbox 440 3610 537 3668; x_wconf 88' lang='lat' dir='ltr'><em>tem,</em></span> <span class='ocrx_word' id='word_1_303' title='bbox 565 3588 613 3657; x_wconf 92' lang='lat' dir='ltr'><em>ita</em></span> <span class='ocrx_word' id='word_1_304' title='bbox 639 3580 810 3683; x_wconf 88' lang='lat' dir='ltr'><em>prorsus,</em></span> <span class='ocrx_word' id='word_1_305' title='bbox 847 3586 899 3656; x_wconf 92' lang='lat' dir='ltr'><em>uti</em></span> <span class='ocrx_word' id='word_1_306' title='bbox 927 3588 1039 3659; x_wconf 84' lang='lat' dir='ltr'><em>caeteri</em></span> <span class='ocrx_word' id='word_1_307' title='bbox 1064 3587 1234 3666; x_wconf 90' lang='lat' dir='ltr'><em>viatores,</em></span> <span class='ocrx_word' id='word_1_308' title='bbox 1261 3585 1382 3657; x_wconf 89' lang='lat' dir='ltr'><em>itinera</em></span> <span class='ocrx_word' id='word_1_309' title='bbox 1408 3582 1465 3656; x_wconf 88' lang='lat' dir='ltr'><em>sua</em></span> <span class='ocrx_word' id='word_1_310' title='bbox 1484 3607 1555 3657; x_wconf 87' lang='lat' dir='ltr'><em>tam</em></span> <span class='ocrx_word' id='word_1_311' title='bbox 1573 3606 1660 3657; x_wconf 86' lang='lat' dir='ltr'><em>tetra</em></span> <span class='ocrx_word' id='word_1_312' title='bbox 1679 3609 1814 3677; x_wconf 85' lang='lat' dir='ltr'><em>quam</em></span> 
     </span>
    </p>

    <p class='ocr_par' dir='ltr' id='par_1_7' title="bbox 440 3676 1898 3974">
     <span class='ocr_line' id='line_1_33' title="bbox 440 3676 1788 3779; baseline -0.004 -19"><span class='ocrx_word' id='word_1_313' title='bbox 440 3686 531 3761; x_wconf 86' lang='lat' dir='ltr'><em>mari</em></span> <span class='ocrx_word' id='word_1_314' title='bbox 550 3677 756 3762; x_wconf 84' lang='lat' dir='ltr'><em>instituisse,</em></span> <span class='ocrx_word' id='word_1_315' title='bbox 789 3676 978 3779; x_wconf 90' lang='lat' dir='ltr'><em>omnesque</em></span> <span class='ocrx_word' id='word_1_316' title='bbox 1003 3706 1083 3753; x_wconf 89' lang='lat' dir='ltr'><em>eum</em></span> <span class='ocrx_word' id='word_1_317' title='bbox 1113 3681 1189 3753; x_wconf 88' lang='lat' dir='ltr'><em>aliis</em></span> <span class='ocrx_word' id='word_1_318' title='bbox 1217 3679 1414 3764; x_wconf 89' lang='lat' dir='ltr'><em>molestias,</em></span> <span class='ocrx_word' id='word_1_319' title='bbox 1449 3677 1643 3756; x_wconf 88' lang='lat' dir='ltr'><em>discrimina</em></span> <span class='ocrx_word' id='word_1_320' title='bbox 1670 3683 1788 3755; x_wconf 82' lang='lat' dir='ltr'><em>omnia</em></span> 
     </span>
     <span class='ocr_line' id='line_1_34' title="bbox 441 3774 1898 3878; baseline -0.001 -23"><span class='ocrx_word' id='word_1_321' title='bbox 441 3780 643 3856; x_wconf 84' lang='lat' dir='ltr'><em>communia</em></span> <span class='ocrx_word' id='word_1_322' title='bbox 657 3774 828 3863; x_wconf 86' lang='lat' dir='ltr'><em>habuisse,</em></span> <span class='ocrx_word' id='word_1_323' title='bbox 854 3780 1034 3878; x_wconf 84' lang='lat' dir='ltr'><em>naufragos</em></span> <span class='ocrx_word' id='word_1_324' title='bbox 1060 3779 1163 3851; x_wconf 90' lang='lat' dir='ltr'><em>etiam</em></span> <span class='ocrx_word' id='word_1_325' title='bbox 1201 3775 1316 3859; x_wconf 79' lang='lat' dir='ltr'><em>suillo,</em></span> <span class='ocrx_word' id='word_1_326' title='bbox 1350 3782 1386 3852; x_wconf 90' lang='lat'>&amp;</span> <span class='ocrx_word' id='word_1_327' title='bbox 1409 3804 1428 3850; x_wconf 91' lang='lat' dir='ltr'><em>a</em></span> <span class='ocrx_word' id='word_1_328' title='bbox 1448 3779 1669 3875; x_wconf 71' lang='lat' dir='ltr'><em>praedonibus</em></span> <span class='ocrx_word' id='word_1_329' title='bbox 1698 3778 1789 3853; x_wconf 80' lang='lat' dir='ltr'><em>male</em></span> <span class='ocrx_word' id='word_1_330' title='bbox 1882 3804 1898 3834; x_wconf 85' lang='lat'><strong>·</strong></span> 
     </span>
     <span class='ocr_line' id='line_1_35' title="bbox 442 3872 1788 3974; baseline -0.001 -24"><span class='ocrx_word' id='word_1_331' title='bbox 442 3875 601 3958; x_wconf 85' lang='lat' dir='ltr'><em>habitos,</em></span> <span class='ocrx_word' id='word_1_332' title='bbox 629 3872 728 3948; x_wconf 85' lang='lat' dir='ltr'><em>sacrae</em></span> <span class='ocrx_word' id='word_1_333' title='bbox 750 3902 814 3948; x_wconf 90' lang='lat' dir='ltr'><em>nos</em></span> <span class='ocrx_word' id='word_1_334' title='bbox 832 3876 940 3949; x_wconf 88' lang='lat' dir='ltr'><em>literae</em></span> <span class='ocrx_word' id='word_1_335' title='bbox 967 3877 1127 3948; x_wconf 86' lang='lat' dir='ltr'><em>certiores</em></span> <span class='ocrx_word' id='word_1_336' title='bbox 1159 3873 1299 3948; x_wconf 87' lang='lat' dir='ltr'><em>faciunt.</em></span> <span class='ocrx_word' id='word_1_337' title='bbox 1351 3876 1518 3949; x_wconf 87' lang='lat' dir='ltr'><em>Miracula</em></span> <span class='ocrx_word' id='word_1_338' title='bbox 1552 3877 1600 3948; x_wconf 89' lang='lat' dir='ltr'><em>ibi</em></span> <span class='ocrx_word' id='word_1_339' title='bbox 1628 3876 1788 3974; x_wconf 88' lang='lat' dir='ltr'><em>prodita,</em></span> 
     </span>
    </p>

    <p class='ocr_par' dir='ltr' id='par_1_8' title="bbox 444 3966 1789 4071">
     <span class='ocr_line' id='line_1_36' title="bbox 444 3966 1789 4071; baseline 0.001 -26"><span class='ocrx_word' id='word_1_340' title='bbox 444 3972 573 4050; x_wconf 90' lang='lat' dir='ltr'><em>humili</em></span> <span class='ocrx_word' id='word_1_341' title='bbox 594 3967 674 4045; x_wconf 85' lang='lat' dir='ltr'><em>fidei</em></span> <span class='ocrx_word' id='word_1_342' title='bbox 699 3970 867 4070; x_wconf 89' lang='lat' dir='ltr'><em>obsequio</em></span> <span class='ocrx_word' id='word_1_343' title='bbox 886 3970 1044 4045; x_wconf 88' lang='lat' dir='ltr'><em>lubentes</em></span> <span class='ocrx_word' id='word_1_344' title='bbox 1065 3966 1145 4044; x_wconf 88' lang='lat' dir='ltr'><em>susci</em></span> <span class='ocrx_word' id='word_1_345' title='bbox 1175 3974 1276 4043; x_wconf 88' lang='lat' dir='ltr'><em>imus.</em></span> <span class='ocrx_word' id='word_1_346' title='bbox 1330 3977 1377 4043; x_wconf 84' lang='lat' dir='ltr'><em>At</em></span> <span class='ocrx_word' id='word_1_347' title='bbox 1396 3972 1483 4053; x_wconf 90' lang='lat' dir='ltr'><em>alia,</em></span> <span class='ocrx_word' id='word_1_348' title='bbox 1511 3998 1624 4071; x_wconf 88' lang='lat' dir='ltr'><em>neque</em></span> <span class='ocrx_word' id='word_1_349' title='bbox 1652 3999 1789 4046; x_wconf 89' lang='lat' dir='ltr'><em>memo·</em></span> 
     </span>
    </p>

    <p class='ocr_par' dir='ltr' id='par_1_9' title="bbox 442 3997 1790 4269">
     <span class='ocr_line' id='line_1_37' title="bbox 443 3997 1790 4166; baseline 0.002 -23"><span class='ocrx_word' id='word_1_350' title='bbox 443 4092 541 4151; x_wconf 85' lang='lat' dir='ltr'><em>rata,</em></span> <span class='ocrx_word' id='word_1_351' title='bbox 564 4093 676 4165; x_wconf 90' lang='lat' dir='ltr'><em>neque</em></span> <span class='ocrx_word' id='word_1_352' title='bbox 694 4063 879 4166; x_wconf 89' lang='lat' dir='ltr'><em>promissa,</em></span> <span class='ocrx_word' id='word_1_353' title='bbox 906 4095 969 4165; x_wconf 89' lang='lat' dir='ltr'><em>pro</em></span> <span class='ocrx_word' id='word_1_354' title='bbox 989 4070 1128 4141; x_wconf 87' lang='lat' dir='ltr'><em>arbitrio</em></span> <span class='ocrx_word' id='word_1_355' title='bbox 1148 3997 1297 4165; x_wconf 67' lang='lat' dir='ltr'><em>ingere,</em></span> <span class='ocrx_word' id='word_1_356' title='bbox 1324 4092 1386 4139; x_wconf 89' lang='lat' dir='ltr'><em>nec</em></span> <span class='ocrx_word' id='word_1_357' title='bbox 1406 4070 1545 4165; x_wconf 88' lang='lat' dir='ltr'><em>pietatis</em></span> <span class='ocrx_word' id='word_1_358' title='bbox 1561 4068 1698 4154; x_wconf 85' lang='lat' dir='ltr'><em>nostrae,</em></span> <span class='ocrx_word' id='word_1_359' title='bbox 1726 4096 1790 4146; x_wconf 87' lang='lat' dir='ltr'><em>nec</em></span> 
     </span>
     <span class='ocr_line' id='line_1_38' title="bbox 442 4162 1789 4269; baseline -0.001 -27"><span class='ocrx_word' id='word_1_360' title='bbox 442 4166 638 4269; x_wconf 87' lang='lat' dir='ltr'><em>prudentiae</em></span> <span class='ocrx_word' id='word_1_361' title='bbox 656 4165 714 4240; x_wconf 87' lang='lat' dir='ltr'><em>est.</em></span> <span class='ocrx_word' id='word_1_362' title='bbox 766 4167 902 4239; x_wconf 79' lang='lat' dir='ltr'><em>Eximit</em></span> <span class='ocrx_word' id='word_1_363' title='bbox 931 4162 1007 4237; x_wconf 86' lang='lat' dir='ltr'><em>sane</em></span> <span class='ocrx_word' id='word_1_364' title='bbox 1025 4164 1202 4263; x_wconf 76' lang='lat' dir='ltr'><em>promissio</em></span> <span class='ocrx_word' id='word_1_365' title='bbox 1223 4163 1282 4236; x_wconf 91' lang='lat' dir='ltr'><em>illa</em></span> <span class='ocrx_word' id='word_1_366' title='bbox 1308 4162 1382 4245; x_wconf 90' lang='lat' dir='ltr'><em>est,</em></span> <span class='ocrx_word' id='word_1_367' title='bbox 1410 4188 1490 4260; x_wconf 88' lang='lat' dir='ltr'><em>quae</em></span> <span class='ocrx_word' id='word_1_368' title='bbox 1515 4165 1621 4240; x_wconf 85' lang='lat' dir='ltr'><em>exstat</em></span> <span class='ocrx_word' id='word_1_369' title='bbox 1645 4164 1713 4266; x_wconf 87' lang='lat' dir='ltr'><em>Jes.</em></span> <span class='ocrx_word' id='word_1_370' title='bbox 1727 4194 1789 4247; x_wconf 74' lang='lat' dir='ltr'><em>xre</em></span> 
     </span>
    </p>

    <p class='ocr_par' dir='ltr' id='par_1_10' title="bbox 450 4257 1791 4358">
     <span class='ocr_line' id='line_1_39' title="bbox 450 4257 1791 4358; baseline 0.001 -23"><span class='ocrx_word' id='word_1_371' title='bbox 450 4283 511 4355; x_wconf 73' lang='grc' dir='ltr'><em>ις.</em></span> <span class='ocrx_word' id='word_1_372' title='bbox 564 4262 632 4335; x_wconf 85' lang='lat' dir='ltr'><em>Sed</em></span> <span class='ocrx_word' id='word_1_373' title='bbox 652 4287 714 4338; x_wconf 86' lang='lat' dir='ltr'><em>nec</em></span> <span class='ocrx_word' id='word_1_374' title='bbox 739 4263 784 4335; x_wconf 92' lang='lat' dir='ltr'><em>ad</em></span> <span class='ocrx_word' id='word_1_375' title='bbox 816 4260 1004 4358; x_wconf 84' lang='lat' dir='ltr'><em>Apostolos</em></span> <span class='ocrx_word' id='word_1_376' title='bbox 1027 4285 1066 4330; x_wconf 91' lang='lat' dir='ltr'><em>ea</em></span> <span class='ocrx_word' id='word_1_377' title='bbox 1084 4257 1259 4356; x_wconf 90' lang='lat' dir='ltr'><em>speciatim</em></span> <span class='ocrx_word' id='word_1_378' title='bbox 1276 4261 1444 4357; x_wconf 87' lang='lat' dir='ltr'><em>pertinet,</em></span> <span class='ocrx_word' id='word_1_379' title='bbox 1473 4286 1534 4335; x_wconf 88' lang='lat' dir='ltr'><em>nec</em></span> <span class='ocrx_word' id='word_1_380' title='bbox 1563 4263 1607 4334; x_wconf 88' lang='lat' dir='ltr'><em>de</em></span> <span class='ocrx_word' id='word_1_381' title='bbox 1640 4266 1791 4338; x_wconf 61' lang='lat' dir='ltr'><em>Atlantia</em></span> 
     </span>
    </p>

    <p class='ocr_par' dir='ltr' id='par_1_11' title="bbox 446 4356 1791 4458">
     <span class='ocr_line' id='line_1_40' title="bbox 446 4356 1791 4458; baseline -0.001 -21"><span class='ocrx_word' id='word_1_382' title='bbox 446 4385 492 4438; x_wconf 90' lang='lat' dir='ltr'><em>co</em></span> <span class='ocrx_word' id='word_1_383' title='bbox 514 4360 600 4432; x_wconf 88' lang='lat' dir='ltr'><em>mari</em></span> <span class='ocrx_word' id='word_1_384' title='bbox 624 4362 715 4457; x_wconf 87' lang='lat' dir='ltr'><em>agit,</em></span> <span class='ocrx_word' id='word_1_385' title='bbox 743 4386 805 4434; x_wconf 89' lang='lat' dir='ltr'><em>nec</em></span> <span class='ocrx_word' id='word_1_386' title='bbox 823 4356 1008 4432; x_wconf 87' lang='lat' dir='ltr'><em>secundum</em></span> <span class='ocrx_word' id='word_1_387' title='bbox 1027 4357 1213 4428; x_wconf 86' lang='lat' dir='ltr'><em>verborum</em></span> <span class='ocrx_word' id='word_1_388' title='bbox 1230 4358 1474 4453; x_wconf 87' lang='lat' dir='ltr'><em>proprietatem</em></span> <span class='ocrx_word' id='word_1_389' title='bbox 1488 4358 1711 4458; x_wconf 84' lang='lat' dir='ltr'><em>intelligenda</em></span> <span class='ocrx_word' id='word_1_390' title='bbox 1731 4360 1791 4444; x_wconf 81' lang='lat' dir='ltr'><em>est.</em></span> 
     </span>
    </p>

    <p class='ocr_par' dir='ltr' id='par_1_12' title="bbox 445 4446 1792 4557">
     <span class='ocr_line' id='line_1_41' title="bbox 445 4446 1792 4557; baseline -0.007 -21"><span class='ocrx_word' id='word_1_391' title='bbox 445 4463 583 4536; x_wconf 72' lang='lat' dir='ltr'><em>vnum</em></span> <span class='ocrx_word' id='word_1_392' title='bbox 598 4452 968 4557; x_wconf 80' lang='lat' dir='ltr'><em>locutioneptophetis</em></span> <span class='ocrx_word' id='word_1_393' title='bbox 986 4448 1079 4528; x_wconf 86' lang='lat' dir='ltr'><em>sueta</em></span> <span class='ocrx_word' id='word_1_394' title='bbox 1100 4446 1325 4551; x_wconf 76' lang='lat' dir='ltr'><em>significatur,</em></span> <span class='ocrx_word' id='word_1_395' title='bbox 1352 4456 1470 4533; x_wconf 89' lang='lat' dir='ltr'><em>Deum</em></span> <span class='ocrx_word' id='word_1_396' title='bbox 1487 4458 1716 4554; x_wconf 85' lang='lat' dir='ltr'><em>omnipotenti</em></span> <span class='ocrx_word' id='word_1_397' title='bbox 1733 4452 1792 4527; x_wconf 78' lang='lat' dir='ltr'><em>sur</em></span> 
     </span>
    </p>
   </div>
   <div class='ocr_carea' id='block_1_6' title="bbox 703 4550 1797 4742">
    <p class='ocr_par' dir='ltr' id='par_1_13' title="bbox 703 4550 1797 4742">
     <span class='ocr_line' id='line_1_42' title="bbox 1082 4550 1797 4649; baseline -0.003 -28"><span class='ocrx_word' id='word_1_398' title='bbox 1082 4553 1143 4622; x_wconf 86' lang='lat' dir='ltr'><em>Zz</em></span> <span class='ocrx_word' id='word_1_399' title='bbox 1171 4571 1189 4641; x_wconf 83' lang='lat'><em>3</em></span> <span class='ocrx_word' id='word_1_400' title='bbox 1257 4631 1266 4644; x_wconf 19' lang='grc' dir='ltr'><em>ι,</em></span> <span class='ocrx_word' id='word_1_401' title='bbox 1676 4550 1797 4649; x_wconf 73' lang='lat' dir='ltr'><em>provi.</em></span> 
     </span>
     <span class='ocr_line' id='line_1_43' title="bbox 703 4698 724 4742; baseline 0 0"><span class='ocrx_word' id='word_1_402' title='bbox 703 4698 724 4742; x_wconf 66' lang='lat' dir='ltr'>x</span> 
     </span>
    </p>
   </div>
   <div class='ocr_carea' id='block_1_7' title="bbox 0 0 2351 5442">
    <p class='ocr_par' dir='ltr' id='par_1_14' title="bbox 0 0 2351 5442">
     <span class='ocr_line' id='line_1_44' title="bbox 0 0 2351 5442; baseline 0 0"><span class='ocrx_word' id='word_1_403' title='bbox 0 0 2351 5442; x_wconf 95' lang='lat' dir='ltr'><em> </em></span> 
     </span>
    </p>
   </div>
  </div>
 </body>
</html>
