4667 5442
872 572 1035 596 ssff
1118 595 1126 596 ἶ
1191 595 1568 596 j—jj
1590 595 1604 596 ἶ
1766 595 1780 596 7
2360 595 2363 596 γ
2458 595 2545 596 ij*
2565 595 2595 596 W

1540 729 1699 826 Dz
1764 701 2369 824 Tnsotoco
2435 721 2987 822 Mones-ro.
3378 745 3570 853 711

947 888 1159 970 ientia
1178 943 1205 982 ,
1250 887 1561 974 [institas
1588 943 1615 985 ,
1667 887 2061 994 fimplicitas
2100 939 2127 980 ,
2180 891 2486 988 majestas
2508 940 2533 977 ,
2585 898 2662 970 δε
2705 917 2914 993 quam
2955 889 3186 966 Graeci
3233 888 3584 992 eleganter

954 992 1142 1068 ‘cunt
1174 997 1577 1097 &georgius-oea,
1619 991 1693 1064 in
1728 990 2012 1065 candida
2040 993 2195 1068 luce
2234 989 2682 1066 collocentur.
2782 997 2860 1064 In
2897 1013 2970 1063 re
3004 987 3358 1088 religionis
3399 982 3581 1059 nihil

892 1087 1153 1166 audere
1174 1081 1399 1157 dicere
1420 1127 1447 1166 ,
1496 1077 1621 1158 nifi
1649 1089 1845 1184 quod
1879 1087 2217 1165 dicentem
2243 1088 2585 1162 audiveris
2611 1091 2840 1160 Deum
2861 1131 2886 1168 ,
2939 1085 3274 1185 quodque
3307 1108 3396 1158 ex
3435 1081 3578 1154 Dei

888 1179 1210 1260 sermone
1234 1225 1260 1262 ‚
1313 1181 1507 1252 omni
1547 1181 1853 1258 adhibita
1888 1187 2099 1259 animi
2124 1187 2605 1268 contentione,
2656 1183 2874 1283 probe
2896 1181 3318 1260 intellexeris
3351 1225 3376 1264 ,
3430 1177 3579 1252 haec

890 1279 1189 1356 demum
1234 1299 1396 1350 vera
1433 1274 1528 1350 est
1561 1279 1915 1381 Theologi
1939 1281 2296 1358 modestia.
2399 1282 2534 1356 Sed
2557 1284 2630 1355 in
2661 1276 3083 1355 Sacrosansta
3117 1274 3582 1375 sapientiffimi

888 1377 1234 1454 Numinis
1254 1372 1525 1482 oracula
1547 1374 1971 1452 dictatoriam
1991 1376 2109 1452 fibi
2130 1377 2480 1478 quandam
2499 1401 2806 1477 arrogare
2830 1373 3169 1450 censuram
3188 1421 3211 1458 ‚
3249 1395 3352 1456 ut,
3378 1369 3577 1469 quod

890 1473 1191 1646 ffidam
1215 1471 1471 1546 famunt
1488 1518 1512 1554 ‚
1566 1475 1940 1549 miniatulis
1967 1479 2133 1550 ceris
2158 1478 2294 1550 tuis
2318 1499 2556 1548 eorum
2582 1476 2952 1549 dictionem
2978 1472 3279 1571 castiges,
3305 1472 3376 1541 &
3399 1491 3578 1543 nunc

1066 1569 1249 1644 endo
1277 1613 1301 1650 ,
1355 1590 1535 1641 nunc
1574 1569 1937 1655 addendo,
1980 1598 2157 1645 nunc
2180 1566 2686 1670 transponendo
2709 1617 2732 1655 ,
2785 1596 2964 1645 nunc
2990 1570 3120 1644 alia
3160 1569 3311 1640 aliis
3337 1560 3579 1637 substi-

890 1666 1209 1749 mendo,
1264 1688 1354 1738 ex
1385 1666 1782 1756 conjecturis
1820 1670 1958 1742 tuis
1993 1672 2289 1767 corrigas
2311 1715 2339 1753 ,
2392 1671 2468 1742 δε
2504 1668 2871 1742 clementer
2905 1690 2974 1739 te
3013 1690 3172 1739 cum
3212 1658 3577 1760 Prophetis

886 1763 975 1840 δι
999 1759 1355 1863 Apostolis
1385 1783 1585 1858 agere
1623 1767 1920 1862 opineris
1940 1812 1965 1849 ,
2019 1766 2299 1868 quando
2320 1767 2595 1840 veniam
2619 1761 2871 1839 scilicet
2887 1767 2973 1839 iis
3006 1763 3166 1837 facis
3186 1764 3582 1835 incommo-

888 1859 1400 1938 doelocutionis
1429 1884 1448 1933 ε
1500 1859 1615 1933 vel
1650 1864 1894 1946 etiam,
1949 1888 2056 1936 res
2079 1858 2253 1960 ipsas
2277 1849 2534 1936 arcaffls
2561 1861 3029 1936 voluminibus
3052 1857 3357 1956 proditas
3379 1901 3403 1939 ,
3455 1852 3581 1926 ubi

890 1981 943 2034 a
970 1953 1166 2032 sueto
1213 1977 1469 2030 naturae
1506 1960 1774 2031 tramite
1802 1960 2170 2042 recedunt,
2226 1982 2598 2056 earumque
2635 1955 2903 2032 occulta
2947 1963 3124 2032 ratio
3155 1954 3394 2030 nostrae
3439 1951 3585 2025 for-

882 2049 1021 2130 san*
1042 2056 1295 2130 mentis
1323 2054 1954 2129 ratiocinationibus
1978 2056 2288 2155 expediri
2314 2080 2458 2130 non
2493 2054 2714 2154 potest
2738 2100 2761 2136 ,
2801 2057 2896 2127 ita
2913 2061 3186 2128 tractare
3207 2100 3232 2137 ‚
3287 2073 3363 2124 ut
3383 2044 3584 2147 quod

886 2150 1079 2228 iniis
1116 2148 1729 2227 extraordinarium
1763 2197 1789 2236 ,
1843 2149 2327 2227 miraculosum
2362 2176 2439 2227 ac
2464 2147 2941 2251 prodigiosum
2980 2152 3074 2227 est
3113 2197 3136 2234 ‚
3189 2141 3584 2250 prodigiosa

888 2241 1310 2348 fimplicium
1347 2246 1712 2321 verborum
1744 2246 2035 2326 torfione
2060 2250 2267 2325 tollas
2292 2295 2317 2334 ‚
2373 2250 2568 2347 quod
2595 2249 2913 2323 nonnulli
2950 2246 3072 2323 fibi
3108 2247 3309 2321 licere
3343 2241 3581 2342 postu-

886 2343 1089 2431 lant,
1126 2341 1206 2418 id
1236 2369 1379 2418 non
1420 2344 1888 2428 immodestia,
1928 2347 2248 2422 molliore
2276 2371 2490 2446 quam
2526 2370 2656 2444 pro
2690 2370 2763 2419 re
2799 2346 3141 2421 vocabulo
3163 2391 3187 2428 ,
3225 2338 3342 2415 sed
3372 2339 3587 2413 auda-

890 2441 1005 2518 cia
1027 2487 1054 2526 ‚
1090 2442 1476 2554 protervia,
1531 2444 1989 2528 contumelia,
2042 2446 2362 2543 impietas
2381 2442 2751 2517 dicendum
2774 2442 2892 2518 est.
2994 2449 3343 2517 Caeterum
3359 2459 3584 2536 quan·-

890 2537 1293 2638 doqurdem
1333 2541 1404 2612 in
1458 2533 1653 2614 sacris
1685 2540 1927 2616 nostris
1970 2568 2109 2615 non
2149 2544 2384 2614 omnia
2428 2565 2627 2638 aeque
2688 2542 2905 2617 cuivis
2939 2540 3147 2612 obvia
3173 2584 3196 2620 ,
3251 2530 3586 2610 nonnulla

892 2636 1119 2714 etiam
1159 2635 1253 2708 ob
1285 2631 1481 2749 prisci
1526 2641 1856 2734 temporis
1894 2633 2358 2735 sermonisque
2389 2639 2846 2737 ignorantiam
2887 2628 3385 2711 obscuriuscule
3421 2651 3590 2727 pro-

898 2729 1121 2834 posita
1145 2777 1169 2814 ,
1212 2734 1347 2806 alra
1384 2731 1686 2828 denique
1714 2737 1842 2806 exi
1896 2732 1962 2807 sa
1994 2759 2218 2808 rerum
2246 2756 2482 2807 natura
2521 2759 2559 2805 a
2592 2732 2970 2806 multorum
3008 2732 3445 2831 perceptione
3479 2748 3590 2799 re-

896 2851 1099 2906 mota
1116 2823 1272 2904 sunt
1296 2876 1319 2914 ,
1373 2827 1728 2904 modestiae
1766 2854 1801 2902 e
1889 2833 1983 2904 ita
2008 2832 2077 2905 in
2110 2856 2351 2906 eorum
2383 2826 2806 2929 expolitione
2837 2823 3123 2912 versari,
3175 2848 3255 2901 ut
3286 2823 3462 2900 nihil
3484 2841 3593 2894 te·-

900 2951 1097 3004 mere
1133 2922 1417 3001 definias
1436 2973 1460 3010 ,
1515 2923 1691 3000 nihil
1709 2922 2138 3025 superciliose
2167 2925 2556 3026 praescribas
2577 2973 2602 3011 ,
2656 2923 2775 3000 sed
2798 2927 3036 3026 potius
3059 2925 3235 3023 quid
3253 2925 3404 3007 tibi,
3428 2944 3590 2994 om·

900 3023 1111 3100 nibus
1136 3022 1442 3124 expensis
1460 3069 1486 3109 ‚
1538 3025 2148 3121 probabilissimum
2168 3029 2243 3100 &
2260 3021 2829 3100 verifimillimum
2852 3022 3165 3098 videatur
3182 3067 3207 3106 ,
3259 3038 3593 3093 verecun-

900 3119 994 3194 de
1010 3115 1388 3219 profitearis
1410 3167 1436 3204 ‚
1489 3119 1719 3196 relicta
1742 3123 2301 3219 prudentioribus
2320 3119 2749 3198 dissentiendi
2775 3121 3111 3196 libertate.
3213 3119 3593 3192 Enimvero

898 3215 1079 3294 nihil
1116 3216 1583 3302 indecentius,
1627 3217 1804 3294 nihil
1830 3246 1869 3292 a
1907 3217 2400 3296 Christianismi
2435 3222 2645 3317 genio
2667 3265 2690 3303 ‚
2744 3221 3034 3293 &Novi
3059 3214 3476 3290 Testamenti
3498 3210 3591 3283 li·-

902 3311 1166 3388 bertate
1201 3317 1420 3414 magis
1458 3316 1767 3390 alienum
1803 3316 1898 3390 est
1943 3363 1968 3400 ,
2021 3341 2235 3413 quam
2270 3341 2490 3390 unum
2524 3316 2834 3412 aliquem
2877 3311 3072 3388 exsut
3123 3336 3232 3387 ere
3269 3357 3296 3394 ,
3347 3310 3473 3405 qui
3520 3298 3590 3375 se

898 3407 1105 3510 supra
1124 3411 1359 3484 fratres
1377 3406 1535 3483 suos
1554 3435 1755 3506 aeque
1770 3409 2087 3506 pretiosae
2110 3408 2269 3482 fidei
2297 3407 2640 3485 consortes
2664 3405 2892 3482 efferat
2909 3455 2932 3490 ‚
2986 3335 3122 3482 eos
3154 3432 3240 3478 ue
3259 3451 3284 3488 ‚
3339 3406 3410 3477 in
3431 3405 3596 3473 Cae-

894 3509 1122 3584 ritum
1158 3503 1426 3578 tabulas
1457 3504 1711 3576 relatos
1731 3550 1755 3587 ‚
1808 3504 1897 3578 ad
1936 3504 2217 3577 suorum
2255 3503 2627 3577 verborum
2665 3503 3034 3578 formula‘m
3061 3434 3318 3601 adigat.
3371 3492 3595 3590 Qod

892 3605 1156 3776 ‘5²3¹ssss
1182 3587 3595 3794 η’,ᾝὲἶιὲῗξῖἲέἔέἷῗέεῗιῗῖιίἓῑῗέῗζὲῧξὲιῖἒεὶὲἕᾶῗὲἑιὲἓὲῗ

898 3819 1055 3880 ret,
1100 3816 1243 3868 tam
1274 3792 1552 3867 aliunde
1579 3838 1603 3875 ,
1660 3818 1873 3890 quam
1919 3742 2012 3869 erg
2067 3793 2496 3890 quotidianis
2550 3791 2970 3891 profectibus
3007 3787 3143 3867 suis
3178 3836 3204 3875 ,
3272 3807 3589 3887 experto.

898 3889 1315 3970 Christianae
1334 3886 1496 3964 fidei
1519 3894 1858 3965 Doctores
1881 3910 2235 3991 quotquot
2251 3885 2486 3964 sumus
2504 3935 2531 3977 ,
2583 3889 2820 3966 fratres
2842 3885 3076 3964 sumus
3100 3887 3191 3962 ad
3219 3889 3424 3960 unius
3441 3905 3594 3956 ma-

960 3987 1097 4066 'stri
1115 4036 1139 4073 ‚
1188 3985 1441 4064 Christi
1460 4033 1485 4072 ,
1527 3987 1738 4087 pedes
1762 4011 1852 4063 ex
1870 4013 2079 4087 aequo
2105 3981 2512 4064 adsidentes.
2613 3986 2928 4062 Rebellis
2959 3989 3032 4062 in
3055 3984 3448 4086 magistrum
3471 3977 3592 4064 est,

1012 4085 1557 4160 fundamentales
1592 4083 1842 4160 scholae
1873 4086 2063 4187 leges
2108 4085 2518 4184 proterviter
2555 4083 2914 4161 conculcat
2949 4084 3273 4184 quisquis
3309 4076 3431 4153 fibi
3455 4079 3595 4151 im-

904 4183 1183 4284 perium
1206 4206 1479 4283 arrogat
1499 4185 1571 4256 in
1605 4179 2138 4282 condiscipulos.
2236 4180 2352 4256 Isti
2375 4204 2608 4258 autem
2631 4183 2928 4282 imperio
2959 4225 2984 4264 ,
3028 4177 3164 4255 sive
3203 4179 3432 4260 unius,
3461 4169 3600 4250 live

880 4279 1223 4381 plurium
1286 4281 1358 4354 in
1397 4280 1688 4354 eandem
1744 4301 1775 4353 t
1856 4279 2181 4354 annidem
2244 4277 2814 4355 consentientium
2848 4325 2875 4364 ,
2925 4277 3170 4378 sponte
3203 4272 3272 4349 se
3304 4271 3605 4349 submit-

908 4395 1055 4450 eere
1076 4421 1103 4460 ,
1154 4375 1261 4452 isti
1285 4379 1462 4478 jugo
1496 4375 1679 4451 colla
1707 4373 1783 4450 su
1832 4375 1991 4450 dere
2014 4421 2039 4462 ,
2092 4371 2201 4452 isti
2226 4377 2438 4474 cippo
2461 4399 2651 4452 crura
2673 4375 2837 4450 dare
2855 4421 2880 4460 ,
2932 4399 3074 4450 non
3091 4368 3415 4474 generosa
3438 4393 3603 4444 mo-

908 4471 1125 4548 destia
1143 4517 1168 4558 ,
1220 4471 1341 4546 sed
1376 4473 1630 4566 abjecta
1662 4468 2181 4572 pufillanimioes
2208 4517 2235 4559 2
2286 4477 2366 4550 &-
2399 4473 2684 4574 indigna
2709 4497 2818 4548 res
2842 4471 3156 4550 libertate
3173 4475 3431 4546 Batava
3469 4463 3596 4542 est.

906 4573 1237 4646 Ferreum
1266 4567 1467 4646 istum
1494 4617 1521 4656 ,
1573 4575 1698 4671 qui
1733 4569 1929 4647 volet
1950 4615 1977 4654 ‚
2028 4568 2331 4648 calceum
2369 4573 2658 4672 ignavus
2679 4568 2923 4644 induat
2955 4595 2980 4648 ε
3031 4567 3124 4646 ad
3159 4591 3396 4646 meum
3414 4583 3601 4640 certe

906 4665 1167 4772 pedem
1190 4691 1339 4744 non
1384 4666 1549 4748 facit
1593 4715 1620 4756 ι
1672 4691 1819 4746 non
1854 4665 2083 4752 faciet.
2186 4663 2356 4765 lpfis
2387 4667 2600 4746 etiam
2637 4665 2994 4772 discipul&
3021 4711 3062 4760 a
3124 4661 3178 4746 fi
3211 4659 3604 4840 qultiiffl‘

3561 4774 3604 4830 Θ
