4667 5442
576 489 653 586 De
693 487 800 588 Usu
837 517 901 584 ar
938 476 1099 585 Anusu
1135 491 1414 588 Rar1on1s.
1588 497 1689 625 463

339 651 379 725 ἃ
395 648 546 747 permitti
568 651 683 751 pollrt.
734 653 844 743 Quod
863 677 882 727 a
900 658 981 728 Deo
1001 652 1067 736 est,
1095 674 1265 751 quatenus
1287 652 1332 726 est
1358 679 1377 726 a
1398 659 1501 738 Deo,
1528 677 1598 729 non
1627 682 1694 753 po-

342 748 406 822 test
422 773 492 821 non
511 744 574 824 elle
591 774 724 824 verum.
775 750 845 822 Sed
869 753 906 823 in
926 752 1118 824 actionibus
1147 754 1269 825 mixtis
1287 774 1358 823 non
1384 775 1537 825 accurate
1562 748 1695 849 semper
1783 795 1786 804 ·

340 842 576 940 distinguitur,
603 845 642 918 id
669 845 769 944 quod
784 848 944 944 proxime
964 875 985 922 a
1002 852 1082 921 Deo
1103 845 1172 930 est,
1199 848 1304 920 abeo
1325 847 1423 944 quod
1440 848 1483 921 de
1502 848 1615 923 nostro
1631 848 1694 922 ad-

341 935 515 1017 miscetur.
569 943 769 1112 Africolam
788 944 892 1018 docet
906 948 1024 1028 Deus,
1050 965 1089 1018 ut
1118 942 1229 1017 modo
1252 968 1297 1018 ex
1328 940 1436 1044 Jesaja
1465 945 1691 1029 audivimus,

341 1036 491 1109 modum
511 1063 592 1113 aran
617 1041 649 1122 i,
676 1035 852 1124 fulcaudi,
880 1041 1048 1125 occandi,
1075 1041 1286 1126 triturandi3
1319 1064 1389 1116 non
1423 1060 1538 1122 tamen
1564 1041 1694 1117 idcirco

339 1133 641 1305 {lhffl‘ul‘u‘ae
658 1158 828 1238 praecepta
849 1138 985 1214 oracula
1002 1134 1081 1212 sunt
1102 1140 1195 1237 paris
1219 1135 1433 1212 certitudinis
1458 1163 1538 1215 cum
1569 1139 1695 1230 articu-

357 1255 387 1303 1s
461 1256 505 1306 er.
1176 1283 1181 1290 -
1264 1273 1266 1278 ·

437 1331 524 1403 XV.
550 1335 600 1404 At
620 1325 818 1429 supposito,
843 1328 905 1408 isla
923 1331 967 1406 de
1011 1330 1112 1405 uibus
1127 1293 1342 1406 dilseruimus
1354 1331 1515 1404 Rationis
1539 1331 1871 1418 axioma-xpm..

341 1444 378 1497 ta
401 1449 464 1522 pro
484 1431 572 1502 veris
593 1453 631 1499 ac
649 1432 749 1502 certis
765 1453 940 1528 comperta
960 1357 1043 1510 elle,
1069 1427 1170 1501 &ab
1193 1424 1267 1525 ipso
1294 1434 1395 1510 Deo,
1422 1427 1524 1500 nobis
1549 1453 1609 1524 per
1623 1431 1822 1502 Ra-nusvero

343 1522 476 1593 tionem
494 1523 731 1623 praesormata3
764 1549 875 1621 quum
900 1549 1122 1598 verumvero
1149 1550 1219 1598 non
1248 1525 1348 1622 possit
1372 1518 1435 1596 else
1463 1511 1855 1641 contrariumst‘lm‘
1924 1587 1926 1591 ,

320 1619 396 1688 ‘uti
423 1643 485 1690 nec
506 1628 604 1692 Deus
625 1619 686 1693 sibi
707 1618 792 1717 ipsi,
819 1619 1030 1718 consequens
1053 1619 1121 1708 est,
1147 1646 1323 1718 nunquam
1335 1626 1450 1693 Deum
1459 1603 1793 1717 supernatura-⁶13²,m
1794 1658 1844 1730 s„

341 1710 367 1785 li
389 1716 597 1789 revelatione
615 1719 751 1815 aliquid
770 1716 906 1792 homini
926 1718 1139 1829 patefacere,
1168 1718 1267 1815 quod
1298 1739 1466 1883 rzugnet
1492 1717 1692 1790 veritatibus
1699 1736 1870 1811 pernam&

344 1805 457 1905 perse
477 1818 591 1895 notis,
619 1809 685 1886 srvc
702 1818 799 1887 reslae
815 1814 1154 1888 rationrsdistamini.
1205 1820 1321 1911 Atque
1364 1820 1498 1886 actenus
1510 1813 1571 1886 illa
1594 1813 1863 1906 axio-optarim

339 1928 433 1978 mata
456 1911 568 1983 valere
579 1910 846 2007 quodammodo
860 1937 925 2010 pro
944 1936 1065 1984 norma
1086 1904 1241 2006 poliunt,
1267 1934 1306 1982 ut
1319 1908 1406 1984 nihil
1425 1911 1605 2006 recipiatur
1617 1885 1855 2022 tan-J'l'l‘lf

340 2026 449 2098 quam
468 2031 488 2077 a
506 2013 587 2080 Deo
602 2008 812 2093 revelatum,
836 2008 936 2106 quod
952 2009 1130 2108 principiis
1154 2030 1273 2081 natura
1295 2007 1444 2108 cognitis
1475 2031 1591 2082 revera
1610 2030 1693 2080 con·
1704 1981 1851 2117 ᾗῖηᾞῑῑ,

340 2100 484 2173 trarlum
504 2099 556 2177 fit.
1410 2155 1418 2170 .
1703 2136 1855 2175 naturant-

436 2203 539 2274 XVI.
565 2207 739 2275 Caeterum
759 2199 833 2276 duo
854 2198 911 2274 hic
930 2204 1083 2299 apprime
1104 2201 1257 2276 notanda
1272 2204 1428 2276 veniunt.
1481 2208 1509 2276 1.
1534 2202 1622 2275 Fieri
1633 2194 1696 2274 sae·
1704 2195 1856 2285 ‘imm

342 2317 531 2391 penumero
549 2320 589 2371 ut
602 2298 713 2372 homo
731 2324 792 2398 per
817 2301 941 2371 mentis
968 2300 1037 2373 suae
1063 2299 1337 2373 imbecillitatem
1356 2299 1492 2396 aliquid
1544 2322 1585 2371 ro
1606 2299 1693 2373 clara
1703 2270 1809 2405 {¹5⁴1ssss
1814 2313 1876 2406 ba·

341 2396 380 2465 &
408 2416 524 2489 aperta
554 2399 694 2469 veritate
715 2393 860 2476 habeat,
886 2398 922 2467 in
949 2422 1025 2494 quo
1042 2418 1157 2470 tamen
1172 2421 1267 2471 error
1290 2396 1375 2470 latet
1395 2400 1433 2468 &
1461 2324 1595 2470 falliias.
1646 2402 1689 2468 11.
1701 2388 1856 2479 ...aim

344 2486 399 2563 Ut
420 2514 521 2586 putet
538 2493 673 2590 aliquid
693 2516 774 2565 cum
784 2488 959 2589 perspicua
976 2494 1094 2591 aliqua
1114 2495 1256 2566 veritate
1281 2489 1419 2567 adversa
1432 2493 1542 2566 fronte
1558 2511 1848 2590 pugna-prooem

339 2609 400 2667 re,
428 2588 527 2682 quod
545 2611 660 2662 tamen
679 2591 712 2661 ei
734 2591 844 2663 amice
860 2586 1042 2688 conspirat.
1090 2584 1360 2665 Observationes
1368 2585 1466 2664 hasce
1474 2590 1613 2663 duobus
1621 2590 1691 2662 cla·
1701 2571 1872 2709 ama*

341 2706 463 2759 temus
481 2686 665 2783 exemplis.
1705 2727 1797 2805 ῑψ,
1805 2732 1875 2786 pm,

445 2786 564 2858 XVII.
589 2792 657 2858 Pro
677 2782 764 2857 clara
782 2785 1036 2883 atqueindubia
1044 2787 1188 2858 veritate
1200 2788 1346 2860 Socinus
1356 2783 1484 2869 habet,
1511 2787 1691 2862 inimicum
1702 2826 1789 2865 mor.

337 2882 481 2956 Divinae
505 2883 663 2963 veritati,
688 2878 852 2956 sansiitati
870 2906 974 2981 atque
988 2882 1125 2976 justitiae
1149 2878 1240 2966 elle,
1266 2905 1306 2955 ut
1328 2883 1402 2956 ulla
1422 2908 1576 2980 unquam
1595 2882 1871 2960 occa-XV11·00⁸·

309 3040 315 3052 .
339 2974 434 3051 stone
453 2980 617 3051 innocens
637 3004 775 3075 poenam
788 2984 942 3054 nocentis
956 2981 1061 3062 serat,
1090 2983 1128 3053 δι
1145 2980 1286 3054 ferendo
1309 3006 1373 3077 pro
1390 3004 1536 3053 nocente
1555 2976 1849 3106 Divinaeffl'ffi,

341 3074 479 3165 justitia
506 3071 699 3149 satisfaciat.
751 3077 906 3176 Ideoque
938 3077 1115 3174 quidquid
1134 3073 1310 3150 universus
1342 3072 1618 3150 Christianismus
1650 3077 1765 3175 dem

341 3170 470 3246 Christi
485 3199 551 3269 pro
566 3170 668 3244 nobis
690 3168 914 3246 satissatiione
938 3174 1064 3254 credit,
1090 3198 1155 3268 pro
1181 3171 1328 3244 absurdo
1353 3196 1554 3245 commento
1580 3172 1697 3248 habet.

340 3269 444 3346 Adeo
463 3269 606 3364 quidem
626 3289 665 3339 ut
683 3265 826 3352 scribere
842 3295 912 3342 non
940 3263 1135 3343 erubescat:
1175 3275 1231 3342 De
1251 3275 1380 3342 Servat.
1410 3280 1506 3343 Part.
1534 3274 1608 3341 III.
1624 3288 1696 3365 cap·

339 3390 402 3437 vr.
454 3370 523 3459 Ego
543 3369 689 3461 quidem,
716 3364 835 3453 etiamst
855 3391 917 3437 non
942 3390 1067 3437 senten
1082 3363 1139 3451 sed
1166 3389 1264 3437 smne
1289 3368 1324 3437 id
1340 3369 1375 3436 in
1384 3364 1482 3453 sacris
1500 3371 1700 3438 monmnentt'a

333 3462 490 3555 scriptum
514 3460 671 3545 exstaret,
692 3486 752 3536 nm
770 3465 888 3537 idcirco
908 3481 1013 3535 tannen
1029 3486 1096 3535 rem
1112 3464 1162 3533 ita
1174 3460 1305 3557 prorsus
1318 3461 1358 3550 se
1380 3459 1499 3535 habere
1518 3464 1698 3545 crederem,

341 3578 382 3633 ut
395 3583 455 3632 vos
475 3561 657 3655 opinamini.
684 3561 828 3659 -Qum
845 3584 883 3633 aa
899 3583 965 3657 qua
976 3557 1055 3649 fieti
1067 3583 1128 3633 non
1142 3556 1229 3656 posse
1246 3576 1358 3656 aperte
1385 3556 1529 3643 constat.
1565 3561 1699 3634 Divimi
1748 3637 1751 3644 ,

344 3660 446 3731 etiam
460 3658 597 3732 oraculi
613 3682 651 3729 ea
657 3654 753 3749 stifft
769 3660 805 3730 in
818 3657 951 3755 speciem
967 3653 1209 3739 melanthio,
1230 3680 1429 3755 nequaquam
1452 3657 1664 3731 aanittamur
1681 3689 1697 3742 ‚-

342 3757 391 3830 θ
416 3759 531 3830 idcirco
558 3780 685 3828 sncnn
709 3780 835 3828 vania
863 3782 908 3829 ru
935 3781 1065 3830 aarum
1094 3780 1249 3829 seusun
1277 3780 1392 3848 Quat
1419 3779 1501 3827 msa
1533 3778 1724 3830 sonaret

340 3877 416 3926 aas
443 3874 693 3926 Inuslrnos
714 3879 843 3926 orinia
862 3855 1425 3951 rnorosquardoqueexplicattur.
1475 3855 1701 3925 Tantumva·

347 3948 417 4024 luit
441 3950 534 4047 apud
552 3948 712 4023 miserum
727 3950 910 4023 mortalem
930 3947 1133 4049 p'raesumtus
1146 3950 1257 4044 chfrus
1277 3976 1314 4024 ac
1328 3948 1699 4048 distinciusconceptus

344 4046 391 4118 de
413 4050 540 4120 Divina
561 4047 709 4136 justitia,
736 4071 842 4142 quem
859 4071 972 4121 tamen
995 4070 1061 4122 nos
1081 4046 1202 4120 salsum
1227 4046 1291 4121 esse
1304 4046 1448 4129 scimus,
1475 4067 1515 4117 ut
1537 4045 1700 4118 maluerit

338 4165 416 4215 arte
436 4145 587 4242 quadam
609 4143 747 4217 eludere
769 4145 978 4217 Divinorum
998 4143 1217 4229 oraculorum
1235 4149 1329 4228 vim,
1355 4168 1463 4240 quam
1479 4142 1618 4240 aliquid
1633 4141 1698 4213 ad-

347 4264 487 4313 mittere
507 4240 558 4313 isti
575 4236 638 4313 suo
655 4244 835 4336 conceptui
853 4245 1072 4316 contrarium.
1411 4269 1416 4275 ·
1435 4301 1439 4306 -

445 4342 581 4411 XVlll.
609 4343 715 4412 Porro
735 4360 866 4410 certum
889 4338 986 4437 apud
1000 4362 1123 4412 omnes
1143 4338 1288 4410 omnino
1308 4333 1520 4413 chtktianos
1536 4335 1609 4419 est,
1636 4316 1873 4434 Je-mflffl‘

344 4430 424 4516 fiam
445 4432 619 4512 Christum
636 4459 760 4513 vertunt
774 4433 957 4514 hominem
986 4430 1072 4522 elle,
1097 4437 1136 4512 in
1160 4456 1319 4535 tempore
1356 4460 1402 4522 cac
1422 4436 1536 4513 Maria
1555 4402 1879 4554 Virgineffi'g’ff

438 4575 442 4584 .
1027 4560 1030 4566 ¹
1582 4591 1587 4608 Ι
1631 4549 1695 4603 na·
1936 4541 1942 4568 ¹
