4667 5442
622 488 699 585 De
736 431 1032 587 Exanimis
1067 487 1559 586 Auianiol’ienmc.
1623 503 1625 507 ’
1689 514 1788 620 347
1841 568 1859 582 ,
1915 432 1918 440 .

534 660 670 732 xviii.
705 661 834 754 Neque
868 656 1022 757 urgenda
1046 657 1275 755 premendave
1303 657 1407 729 nimis
1432 654 1529 729 Pauli
1562 652 1667 728 verba
1692 651 1781 729 sunt.
1791 697 1902 759 ΜΠ.
1990 647 1993 654 ’

437 759 525 831 Non
545 758 638 828 enim
656 751 929 852 quotiescunque
948 774 1051 828 totum
1066 751 1174 828 orbem
1199 755 1369 853 legimus,
1397 753 1501 826 toties
1515 753 1558 823 de
1571 754 1696 826 tundis
1709 753 1782 842 ejus
1792 772 1886 829 Eodem
1903 770 1959 839 sin·

437 851 596 949 partibus
614 846 809 947 singulatim
822 854 972 948 cogitare
989 852 1038 924 sas
1056 850 1115 925 est.
1165 851 1274 941 Quod
1293 851 1381 922 adeo
1396 875 1440 922 ex
1457 847 1629 948 scripturis
1651 849 1696 922 est
1709 845 1817 921 ma-su
1838 850 1938 906 Putas

434 946 619 1030 nifestum,
645 968 684 1019 ut
699 948 905 1046 probatione
938 973 1009 1021 non
1038 948 1202 1045 indigeat.
1253 953 1306 1022 Ex
1333 946 1417 1020 ende
1442 946 1609 1019 duntaxat
1638 942 1839 1057 paucula'gfg
1856 924 1915 1056 πύξ

435 1044 575 1142 aliquot
600 1043 691 1118 loca.
742 1048 818 1117 Aet.
840 1068 910 1120 xit
939 1053 997 1121 28.
1048 1047 1190 1141 Agabus
1221 974 1418 1143 signiscavit
1454 1068 1516 1144 per
1545 1045 1712 1140 Spiritum
1730 1021 1925 1134 fanum,

434 1165 520 1216 iitem
542 1151 687 1235 magam
703 1136 850 1231 steteram
881 1144 915 1213 in
947 1166 1056 1213 roro
1084 1166 1304 1215 reunitum
1331 1166 1445 1214 onias.
1495 1146 1539 1213 Et
1567 1165 1638 1239 cap.
1664 1164 1755 1214 xvir
1772 1152 1942 1246 :nanceium

437 1242 476 1312 6.
527 1237 586 1323 isti·
613 1242 670 1335 qui
699 1262 814 1310 ossis
843 1263 1062 1313 rossanum
1079 1236 1201 1321 statum
1222 1237 1471 1329 subverterunt,
1502 1242 1598 1311 etiam
1628 1238 1678 1309 hic
1699 1226 1892 1326 frausus&-¹

436 1331 570 1409 Rursus
594 1360 669 1433 cap.
690 1358 806 1407 xxiv:
835 1352 869 1425 ς.
895 1356 1015 1409 movet
1033 1333 1239 1429 seditionem
1259 1335 1401 1410 omnibus
1423 1336 1547 1428 judaia
1558 1351 1623 1503 per
1649 1359 1783 1408 oiseii

436 1458 673 1506 tantinum.
708 1432 871 1529 Denique
888 1456 964 1531 cap.
985 1456 1040 1507 11:
1057 1454 1090 1523 5.
1142 1436 1249 1509 Erant
1269 1432 1493 1529 Isterosilynni
1516 1434 1557 1520 lici
1577 1434 1693 1505 stantes
1716 1437 1786 1528 Ju-

437 1534 515 1611 dai,
538 1532 609 1603 viri
626 1527 762 1622 religios
781 1550 823 1600 ex
841 1554 947 1601 oiim
967 1549 1152 1602 unricus
1172 1555 1309 1603 nonunt
1334 1556 1402 1621 Qu
1427 1556 1494 1602 sus
1514 1554 1643 1602 coreno
1664 1554 1782 1606 suus.

436 1622 642 1724 supersedeo
654 1620 839 1697 exscribere
850 1624 960 1720 plura.
1012 1628 1101 1715 Quis
1112 1629 1204 1700 enim
1216 1623 1316 1700 finis?
1342 1629 1430 1699 Satis
1445 1626 1522 1700 hinc
1534 1627 1667 1724 liquet,
1694 1623 1784 1701 hisce

435 1746 475 1795 ac
498 1718 665 1794 similibus
684 1722 919 1795 locutionibus
939 1721 1095 1795 denotari
1112 1723 1279 1796 duntaxat
1296 1722 1552 1800 multitudinem
1566 1723 1718 1820 aliquam
1731 1750 1786 1797 re-

436 1822 586 1916 gionum
606 1843 644 1891 ac
659 1816 902 1916 populorum,
929 1816 1120 1891 notabilem
1141 1822 1216 1892 noti
1235 1819 1329 1893 orbis
1350 1842 1496 1917 partem.
1548 1822 1654 1897 Unde
1675 1817 1785 1894 corifi-

438 1918 557 1998 citur,
585 1908 967 2011 eademsignificatione
987 1918 1115 2012 exponi
1135 1914 1250 2013 posse,
1278 1916 1376 2016 quod
1394 1917 1437 1989 de
1461 1917 1652 2015 Evangelio
1665 1937 1783 2014 perto-

435 2031 506 2088 tum
525 2016 694 2090 mutim,
718 2011 755 2082 δι
781 2013 865 2083 omni
882 2033 948 2106 que
959 2009 1020 2100 sub
1042 2011 1116 2085 coelo
1146 2012 1189 2096 ess
1209 2037 1386 2094 measure,
1418 2015 1626 2112 praedicato,
1655 2009 1786 2086 Colos-

439 2103 588 2181 sensibus
607 2103 722 2180 scribit
747 2107 945 2206 Apostolus.
996 2107 1130 2190 Addo,
1157 2136 1227 2182 nori
1247 2106 1339 2209 posse
1359 2112 1488 2208 exponi
1513 2112 1622 2183 aliter.
1674 2110 1785 2198 Quod

435 2228 476 2277 ut
497 2204 659 2277 omnibus
677 2225 810 2300 pateat,
838 2204 1085 2277 attendendum
1103 2204 1149 2278 est
1165 2231 1239 2302 quo
1252 2230 1408 2304 tempore
1423 2206 1506 2279 hanc
1529 2202 1784 2279 Colossensibus

436 2300 625 2399 Epistolam
643 2299 829 2396 Apostolus
847 2296 1059 2398 inscripserit.
1111 2307 1226 2374 Roma
1250 2330 1294 2376 ex
1312 2304 1460 2377 vinculis
1481 2303 1595 2376 datam
1619 2298 1682 2374 esse
1702 2329 1785 2378 cori·

437 2398 502 2475 stat
513 2422 557 2470 ex
567 2423 641 2495 cap.
654 2421 717 2470 rv:
743 2418 775 2486 3.
788 2400 825 2469 ὃ(
844 2405 900 2478 ι8.
953 2397 1100 2471 Vincula
1117 2399 1214 2473 Pauli
1226 2404 1385 2474 Romana
1400 2400 1493 2473 fuere
1503 2402 1662 2500 gemina;
1689 2399 1785 2498 prio·

437 2520 476 2571 ra
496 2542 508 2577 ,
535 2492 724 2592 exquibus
743 2492 905 2568 liberatus
925 2492 994 2578 est3
1020 2498 1056 2567 &
1075 2495 1283 2592 posteriora,
1310 2523 1391 2594 quae
1410 2523 1480 2570 non
1500 2493 1560 2568 nisi
1578 2520 1689 2569 morte
1709 2493 1787 2569 fini·
1808 2529 1811 2535 ·

437 2613 550 2666 erunt.
588 2590 658 2662 ,Ad
679 2591 794 2687 priora
816 2593 963 2689 pertinet
978 2589 1080 2682 hujus
1099 2590 1261 2690 Epistolae
1280 2590 1449 2692 scriptio:
1477 2619 1581 2692 quam
1602 2597 1786 2668 Ludovicut

440 2690 606 2787 Coppellua
622 2686 666 2759 ad
685 2710 813 2758 annum
834 2686 961 2761 Christi
985 2712 1064 2764 ivr.
1103 2694 1247 2764 Neronis
1275 2713 1357 2765 irr.
1387 2689 1570 2785 Ligtfhotua
1595 2692 1640 2762 ad
1658 2714 1787 2763 annum

441 2786 571 2862 Christi
587 2810 646 2859 rx.
673 2789 815 2859 Neronis
832 2808 874 2857 vr
898 2784 1012 2860 refert.
1064 2786 1153 2861 Uter
1165 2790 1308 2871 rectius,
1336 2812 1515 2861 nonvacat
1530 2789 1787 2885 nuncinquire·

436 2910 501 2972 1e3
525 2883 635 2958 modo
652 2881 690 2953 id
709 2878 896 2956 habeamus
914 2928 925 2965 ,
954 2881 1052 2980 quod
1109 2885 1191 2957 obat
1204 2908 1381 2983 uterque,
1407 2886 1579 2968 Paulum,
1606 2883 1683 2983 post
1700 2888 1787 2981 Epi·

437 2981 536 3059 stolae
554 2978 656 3072 hujus
672 2973 733 3059 scri
758 2981 891 3053 tionem
907 2981 1052 3054 vinculis
1063 2908 1241 3064 siilutum,
1267 2980 1493 3080 praestitutum
1506 2977 1566 3054 fibi
1578 2980 1787 3056 curriculum

437 3079 616 3160 alacriter,
643 3099 683 3148 ut
694 3004 845 3160 solebat,
897 3073 1089 3154 rosecutum
1114 3074 1191 3153 esse.
1244 3079 1300 3151 Ad
1319 3079 1417 3175 quod
1438 3074 1497 3177 ipsi
1516 3075 1576 3151 sex
1594 3076 1787 3149 admodum

440 3198 552 3251 annos
573 3169 722 3249 restitisse
737 3168 785 3247 sic
803 3102 941 3249 coniicit
962 3176 1135 3271 Coppellua.
1188 3176 1223 3246 Si
1242 3198 1364 3247 verum
1381 3173 1538 3271 estquod
1557 3175 1666 3272 vulgo
1678 3172 1787 3245 tradi·

440 3296 525 3356 tur,
552 3271 700 3347 Paulum
718 3272 882 3369 martyrio
901 3264 1057 3341 affesium
1071 3265 1184 3351 fuisse,
1211 3294 1322 3365 quum
1336 3274 1433 3341 Nero
1444 3268 1519 3365 post
1530 3268 1698 3343 incensam
1709 3273 1788 3339 Ro·
1850 3274 1854 3280 ’

440 3396 564 3451 mam,
592 3388 632 3439 ut
652 3390 727 3438 eam
745 3361 816 3437 ase
836 3365 1036 3438 amoliretur
1051 3366 1262 3456 infamiam,
1288 3363 1496 3438 Christianos
1520 3365 1668 3439 incendii
1691 3364 1788 3437 istius

437 3462 656 3545 insimulatos
674 3458 937 3559 exquisitissimis
955 3457 1098 3553 subjecit
1118 3463 1323 3535 cruciatibus
1344 3488 1356 3549 3
1381 3485 1512 3535 certum
1532 3460 1579 3534 est
1600 3487 1643 3534 ex
1661 3463 1790 3535 Tacito

439 3561 616 3641 incensam
638 3551 734 3632 sitisse
758 3563 911 3636 Romam
943 3564 1080 3635 Lecani'o
1102 3556 1193 3651 Bassi
1214 3561 1252 3633 δι
1273 3563 1396 3634 Licinio
1420 3556 1524 3650 Crasso
1545 3555 1623 3649 Coss.
1640 3557 1707 3632 hoc
1726 3556 1787 3643 est,

436 3661 486 3736 u‘t
498 3684 544 3735 ex
562 3657 652 3733 fallis
665 3657 798 3754 liquere
809 3654 941 3756 potest,
968 3680 1059 3729 anno
1072 3661 1213 3733 Illeronii
1235 3683 1272 3731 x.
1324 3665 1432 3733 Porro
1450 3653 1597 3730 vinculis
1614 3656 1790 3761 prioribus

441 3763 571 3835 Ronae
589 3751 723 3829 solutus
742 3752 789 3827 est
801 3754 926 3828 Paulus
947 3747 1009 3825 sub
1024 3750 1129 3828 finem
1152 3757 1233 3828 anni
1248 3779 1293 3829 iv
1313 3756 1477 3828 Neronis.
1528 3761 1647 3852 ltaque
1659 3751 1792 3851 postte·

442 3880 504 3932 rna
531 3853 630 3929 Pauli
646 3875 726 3949 pera
752 3852 839 3923 tatio
859 3849 962 3925 suerit
981 3875 1149 3926 annorum
1170 3854 1302 3925 circiter
1322 3847 1407 3925 sex:
1442 3874 1568 3949 nempe
1587 3876 1607 3922 a
1627 3847 1692 3923 fine
1708 3853 1791 3925 anni

446 3975 498 4030 ιν
515 3949 667 4028 Neronis
694 3873 804 4045 usque
828 3947 873 4020 ad
889 3943 1061 4031 linemx,
1086 3948 1144 4021 vel
1163 3951 1303 4022 initium
1324 3974 1367 4023 xr
1391 3973 1400 4019 ε
1427 3973 1554 4021 annum
1576 3970 1691 4020 autem
1713 3973 1791 4022 aerae

443 4046 574 4124 Christi
592 4069 666 4119 rece
692 4066 736 4118 tae
756 4068 879 4127 cxiv,
905 4045 963 4119 vel
977 4070 1060 4120 ixx.
1095 4049 1190 4215 diram
1209 4071 1292 4119 vero
1312 4042 1407 4119 sitot
1426 4046 1529 4126 anni,
1559 4049 1595 4120 δι
1612 4040 1737 4129 sume,
1764 4041 1791 4118 si

445 4145 571 4229 lubet,
598 4068 707 4241 dupio
748 4142 920 4224 auciores,
948 4142 1094 4217 Pauloa
1144 4168 1186 4215 uc
1203 4141 1405 4223 restiterint,
1432 4141 1638 4215 credibilene
1655 4139 1793 4216 estnul·

444 4243 500 4322 las
522 4238 635 4343 ipsum
646 4239 713 4313 adi'
742 4264 760 4310 e
776 4240 935 4338 regiones
950 4238 1078 4336 quibus
1091 4238 1266 4312 inserenda
1285 4237 1464 4336 Evangelii
1480 4236 1543 4310 lux
1560 4236 1658 4310 erati
1684 4241 1792 4312 Occi·

444 4342 592 4416 dentem
612 4359 694 4410 tunc
717 4335 938 4435 praedicando
966 4336 1155 4435 Evangelio
1183 4330 1404 4435 peragrasse,
1440 4339 1605 4408 Veterum
1632 4333 1793 4434 plerique

447 4437 635 4518 tradidere.
686 4432 796 4527 Quod
814 4430 958 4538 quidem
974 4428 1036 4508 suo
1052 4432 1412 4607 egqpoeorelinqum
1435 4429 1546 4516 nodo
1554 4430 1593 4505 id
1603 4432 1796 4599 obtineam&

500 4557 503 4562 ·
1156 4552 1230 4607 12
1696 4549 1801 4625 quo·
1876 4564 1884 4571 ν
