4667 5442
604 487 970 582 Hrsrorcrn
1021 476 1582 591 Hrrno'soturu're.
1698 508 1792 617 311

439 674 535 733 rum,
558 654 723 734 Sidonem,
750 660 902 750 Berytum
924 649 1026 726 fimili
1045 653 1154 726 modo
1180 653 1342 750 oppressit
1360 658 1396 728 δι
1417 654 1589 731 evaslavit.
1639 652 1800 727 Eodem-¹·

442 774 514 847 que
533 775 623 821 anno
644 749 688 822 ad
708 750 917 823 obterendos
933 752 1070 848 penitus
1090 748 1303 823 Christianos
1324 756 1515 852 Europaeos
1531 753 1675 853 insyria
1695 797 1706 834 ,
1723 747 1793 823 'to-

442 869 548 944 taque
560 844 635 920 Asia
647 844 940 930 summovendos,
967 848 1117 922 Soldonua
1128 845 1321 942 Babylonius
1331 851 1368 922 in
1380 849 1591 923 Palaestinam
1603 874 1682 925 cum
1694 872 1793 921 exer·

442 946 513 1016 citu
537 970 586 1017 ct
607 946 718 1017 millia
735 968 944 1019 armatorum
962 948 1066 1018 vertit
1082 949 1117 1017 in
1135 947 1360 1030 Ptolemaida,
1386 972 1466 1044 quae
1484 942 1557 1023 sola
1579 946 1792 1046 operibus&

467 1038 600 1114 raesrdio
620 1043 708 1115 bene
729 1045 863 1115 munita
883 1045 1060 1141 Europaeis
1081 1064 1153 1115 erat
1174 1042 1328 1140 reliqua:
1355 1069 1461 1143 atque
1478 1057 1555 1118 eam
1566 1042 1715 1118 bimestri
1726 1041 1793 1115 ob·

440 1064 572 1210 bojone
589 1142 754 1221 cinslam,
781 1136 947 1213 desertam
963 1141 1103 1213 tandem
1119 1135 1364 1237 apraestdiariis
1377 1135 1660 1239 diffugientibus,
1688 1160 1794 1213 occu·

440 1239 540 1403 pavit
562 1240 598 1309 &
618 1237 773 1309 funditus
793 1238 938 1321 evertit,
960 1258 999 1309 ut
1013 1236 1231 1334 ne.reliquiae
1242 1236 1337 1310 urbis
1355 1237 1439 1311 ullae
1454 1233 1670 1337 superessent.
1721 1236 1792 1310 Hic

468 1334 521 1403 nis
542 1337 640 1432 regni
659 1333 725 1406 fuit
742 1334 1025 1429 fflerofiilymitani
1037 1335 1079 1405 ab
1096 1335 1277 1431 Europaeis
1304 1334 1459 1411 conditi:
1485 1335 1586 1432 quod
1605 1335 1648 1407 ab
1666 1332 1751 1412 urbe
1770 1355 1792 1407 a

440 1428 655 1503 Gothefrido
674 1429 857 1503 Bulionaeo
868 1453 967 1527 capta
980 1431 1024 1503 ad
1039 1430 1127 1503 hanc
1143 1430 1277 1502 cladem
1286 1429 1511 1504 Ptolemaidis
1526 1431 1664 1506 duravit
1682 1433 1796 1502 annos

440 1550 559 1599 cxcr.
611 1528 685 1616 Qui
708 1526 797 1600 cladi
819 1524 900 1600 huic
925 1524 1120 1628 superfuere
1149 1525 1355 1608 Christiani,
1380 1529 1417 1599 in
1443 1534 1630 1628 Cyprum,
1658 1532 1694 1602 in
1720 1549 1792 1638 qua

438 1645 518 1696 tum
536 1630 642 1698 Guido
663 1624 858 1718 Lusgnanee
879 1614 1006 1697 Gallus
1022 1625 1221 1721 regnabat,
1247 1626 1284 1694 &
1326 1645 1416 1696 artes
1438 1628 1626 1699 maritimas
1640 1623 1790 1705 Cilicrae,

440 1746 467 1792 a·
479 1720 600 1794 nostris
609 1719 917 1803 adhuchabitatas,
946 1722 1193 1793 &Armeniam
1209 1648 1347 1793 chrillo
1362 1718 1471 1793 adbuc
1481 1743 1678 1821 parentem,
1706 1742 1795 1795 con·

438 1816 633 1917 fugiebant.
685 1818 776 1889 Vide
791 1821 973 1893 Boxloornii
995 1816 1173 1901 Hillort'con
1188 1817 1406 1904 Universalem
1414 1837 1452 1915 p.
1465 1829 1547 1895 oca

538 1920 707 1989 XLVlll.
733 1917 791 1988 Sic
808 1915 1025 2010 fflerosdymo
1046 1914 1288 1988 Mahumetaeo
1308 1913 1404 1989 cultu
1420 1915 1557 2013 polluta
1574 1915 1637 1991 sub
1649 1912 1789 1991 nnana
1796 1922 1928 1990 XLVIII.

438 2018 574 2114 AEgypti
596 2011 689 2086 fuit:
725 2014 838 2086 donec
858 2039 951 2086 anno
971 2036 1182 2087 namma
1208 2013 1329 2086 Solimo
1355 2015 1547 2087 Turcarum
1580 1996 1968 2133 Imperatorefverlvffi

440 2112 515 2199 ejus
532 2113 684 2183 nominis
712 2105 886 2197 secundo,
913 2111 992 2209 post
1010 2109 1204 2182 debellatos
1232 2110 1461 2185 Mommelucos
1490 2133 1680 2209 occupata,
1708 2112 1746 2181 &
1765 2100 1944 2218 amm„

436 2208 644 2281 Solimanno
663 2204 740 2281 filio
755 2234 794 2280 ac
815 2202 1024 2291 suceellore,
1047 2209 1151 2281 novis
1162 2204 1334 2281 moenibus
1349 2231 1468 2282 ornata
1486 2254 1502 2291 ,
1525 2209 1563 2282 in
1581 2233 1691 2292 eam,
1716 2230 1876 2305 quefimn
1892 2228 1958 2285 nn.

438 2328 532 2379 nunc
544 2302 660 2377 visitur
678 2350 690 2388 ,
718 2307 864 2378 formam
881 2307 1017 2380 redacta
1036 2304 1098 2379 est.
1405 2396 1411 2401 .
1792 2306 1921 2381 ostem*
1939 2304 1969 2361 ὓ·

539 2405 676 2476 XLIX.
703 2408 820 2495 Quam
840 2397 865 2475 sr
884 2406 965 2501 quis
981 2398 1190 2502 cognoscere
1205 2423 1335 2485 aveat,
1358 2384 1867 2500 nonmeliuseamreprae·l¹.‘’¹‘
1886 2383 1970 2461 ''sl‘'

437 2492 648 2582 sentavero,
676 2526 784 2599 quarn
806 2500 1038 2575 delineatione
1055 2504 1260 2599 Jounnnrs
1288 2505 1523 2582 Conovtct,
1548 2463 1895 2601 jurisconsultiffi·
1911 2529 1971 2595 u„

438 2594 660 2686 ultrajectini
681 2624 695 2684 3
720 2600 781 2695 qui
800 2600 902 2670 initio
913 2596 1017 2688 hujus
1033 2592 1138 2670 seculi
1165 2593 1306 2671 curiofis
1323 2598 1578 2694 bl'erosolyamm
1596 2597 1712 2696 oculis·
1730 2594 1850 2683 lue-ris,
1870 2632 1902 2671 ut

437 2692 581 2776 stravit,
608 2696 646 2767 &
674 2697 889 2769 Itinerarium
915 2691 1016 2767 suum
1036 2695 1148 2767 edidit
1167 2719 1258 2766 anno
1280 2721 1456 2772 nncxrx.
1505 2693 1582 2771 Ubi
1602 2700 1695 2792 Cap.
1720 2712 1867 2766 ΒΜ(
1883 2688 1931 2766 ‘lla

436 2785 482 2863 src
503 2815 579 2863 eam
592 2792 762 2893 depingit.
814 2797 940 2890 Figura
953 2791 1179 2888 Hierosolyma
1197 2790 1366 2890 quadrata
1383 2795 1566 2891 oblonga,
1590 2812 1667 2864 tota
1685 2786 1937 2907 mon-ma

435 2882 513 2964 tosa
533 2886 603 2962 est:
628 2895 791 2964 Montem
808 2894 942 2989 quippe
961 2888 1122 2971 Moriah,
1150 2890 1349 2963 Salomonis
1370 2892 1550 2990 Templo,
1571 2888 1673 2988 quod
1701 2912 1795 2962 nunc
1938 2880 1951 2903 ’

436 2984 567 3069 exstat,
595 2989 721 3060 Tureis
744 2984 941 3077 Celtisabara
956 2988 1078 3071 dieto,
1103 2983 1303 3085 insignem,
1327 2990 1484 3089 itemque
1502 2988 1620 3069 Sion,
1654 2984 1791 3068 Gihon,

434 3086 537 3155 Acrae
556 3087 736 3157 Montium
746 3108 877 3184 partem
892 3107 1052 3181 occupat.
1100 3093 1192 3157 Inter
1201 3109 1292 3182 quos
1305 3082 1401 3181 quasa
1409 3085 1546 3157 medius
1560 3077 1800 3183 alsurgitCal-

434 3180 542 3252 variae
561 3206 686 3263 mons,
713 3178 771 3253 seu
787 3208 890 3282 rupes
910 3180 1168 3280 Golgothana,
1196 3207 1267 3253 non
1285 3182 1436 3253 multum
1457 3178 1597 3276 ampla,
1622 3199 1685 3252 nec
1702 3176 1804 3248 emi-¹
1846 3235 1850 3242 .

434 3301 546 3358 nens,
574 3277 756 3354 altitudine
776 3283 888 3353 monti
909 3280 1100 3359 Testaceo,
1127 3280 1191 3375 qui
1208 3282 1336 3349 Romae
1347 3276 1416 3359 est,
1443 3303 1513 3350 non
1525 3273 1713 3355 absimilis,
1736 3292 1794 3345 tot

436 3376 480 3449 in
492 3397 537 3443 eo
559 3373 737 3448 collocatis
752 3373 927 3457 aedificiis,
953 3400 993 3448 ut
1014 3372 1224 3475 superficiem
1242 3376 1370 3446 intueri
1382 3421 1396 3456 ,
1422 3373 1479 3445 vel
1503 3366 1707 3472 cognoscere
1728 3369 1800 3454 vix,

434 3469 557 3571 poffis.
609 3475 678 3544 Hic
693 3471 780 3546 olim
794 3498 889 3548 extra
901 3475 1023 3546 urbem
1034 3473 1171 3545 msamis
1180 3470 1345 3553 habitus,
1370 3468 1680 3640 Christipallrone,
1703 3467 1800 3557 ejus-

436 3593 510 3666 que
524 3564 688 3666 sanguine
704 3568 966 3667 pretiosissimo,
991 3567 1205 3670 usqueadeo
1229 3569 1489 3642 nobilitatus&
1513 3559 1719 3638 annificatus
1731 3560 1801 3650 elio

438 3686 483 3737 ut
501 3691 589 3738 nunc
609 3666 707 3739 urbis
728 3667 797 3740 fere
815 3668 973 3740 medium
991 3670 1183 3748 obtinens,
1210 3664 1356 3763 Angelis
1380 3666 1510 3761 pariter
1531 3665 1570 3735 &
1589 3660 1796 3736 nominibus
1912 3699 1916 3705 ·

439 3763 647 3835 venerabilis
662 3759 712 3838 srt.
764 3773 872 3839 Porro
894 3768 959 3838 tria
982 3766 1143 3837 milliaria
1158 3787 1217 3835 aut
1238 3764 1373 3837 circiter
1392 3762 1529 3835 ambitu
1548 3757 1707 3832 suonrbs
1720 3752 1800 3853 ipss

439 3859 703 3955 complebitur:
731 3864 787 3935 cui
806 3862 850 3932 ab
871 3868 962 3934 Ortu
981 3861 1333 3950 adjacentOlivarnm
1344 3865 1476 3942 Mons,
1504 3854 1801 3956 &·1llallis·Josa·

438 3951 551 4053 phat3
577 3956 620 4028 ab
641 3958 765 4031 Austro
784 3962 894 4030 Mons
912 3953 1146 4039 Offenfionis,
1171 3956 1347 4031 &Vallis
1369 3954 1566 4029 Gchcnnon
1587 3980 1600 4041 ς
1635 3955 1800 4047 itemque
1823 4014 1830 4036 ,

440 4075 523 4150 pars
545 4056 680 4126 Montis
698 4056 807 4141 8i0n3
832 4054 875 4127 ab
895 4054 1084 4128 Occidente
1108 4056 1246 4126 Montis
1268 4054 1387 4126 Gilron
1408 4078 1513 4152 pars,
1538 4054 1580 4124 δι
1598 4049 1710 4123 Vallis
1733 4047 1799 4122 seu

439 4144 781 4234 PiscinaBersabeae,
810 4152 1113 4250 quaealiasetiam
1138 4150 1251 4223 Vallis
1277 4155 1401 4224 En'non
1426 4148 1646 4246 appellatura
1670 4171 1689 4218 a
1709 4149 1795 4245 Sep·
1873 4192 1875 4197 -

444 4248 617 4318 tentrione
642 4272 727 4321 vero
748 4250 884 4321 Montis
908 4252 1005 4322 Acrae
1030 4273 1119 4347 pars.
1170 4245 1428 4319 Extendebatur
1454 4267 1577 4317 autem.
1604 4244 1800 4341 antiquitus

437 4340 627 4440 longitudo
647 4345 742 4417 urbis
754 4386 781 4427 ,·
795 4366 966 4445 quantum
985 4372 1030 4418 ex
1045 4366 1201 4418 veterum
1214 4339 1345 4439 scriptis
1358 4342 1614 4448 colligerelicct
1623 4388 1642 4422 ,.
1662 4343 1704 4411 ab
1718 4345 1801 4411 Au«

438 4435 512 4517 stro
526 4442 563 4512 in
582 4443 895 4541 Septentrionem,
921 4438 1053 4520 sacrum
1069 4446 1235 4519 Mentem
1255 4440 1372 4532 Sion,
1399 4461 1672 4541 ‘mutuamque
1683 4442 1798 4611 ἧσο

1728 4556 1799 4608 on·
