4667 5442
561 490 659 599 286
819 421 1536 579 Exrrcrrnrrd
1602 483 1714 582 XII.

557 657 725 756 posterior
742 676 853 736 aetas,
881 676 998 726 contra
1017 647 1233 752 superiorum
1255 649 1448 729 seculorum
1476 648 1608 736 fidem,
1637 649 1700 725 vel
1726 642 1913 732 confinxit,

559 754 617 827 vel
638 755 792 851 arripuit.
835 756 888 823 -Et
907 754 1017 832 eninr,
1047 752 1096 821 uti
1117 746 1282 839 judiciose
1296 753 1431 824 notavit
1444 754 1611 831 Horriru,
1636 743 1914 844 Eusebiusquum

560 851 762 924 exauiffime
782 848 976 921 strusturam
994 846 1116 942 templi
1140 851 1176 918 in
1199 870 1317 922 monte
1339 848 1472 921 Oliveti
1496 843 1691 929 describat,
1722 844 1837 919 nullo
1848 868 1915 917 ver·

559 948 608 1018 bo
630 946 731 1037 hujus
763 944 920 1017 miraculi
947 945 1131 1024 meminit,
1156 942 1416 1041 hautquaquam
1445 937 1742 1042 praetermiffurus
1772 966 1874 1022 rem,
1896 935 1940 1012 i·

560 1039 671 1116 suillet
689 1066 792 1124 vera,
819 1040 1110 1120 memorabilem,
1132 1040 1415 1113 &confutandis
1437 1038 1596 1112 Ethnicis
1614 1062 1802 1138 magnum
1826 1031 1914 1110 usum

558 1140 788 1239 praebituram.
841 1139 1107 1211 Praetermittunr
1121 1139 1229 1208 etiam
1244 1132 1381 1210 silentio
1393 1144 1561 1217 Socrates,
1585 1133 1845 1214 Theodoram,
1869 1140 1914 1207 St·

557 1260 731 1317 amenus,
753 1236 792 1306 ’δι
814 1232 1005 1306 fabularum
1022 1239 1122 1306 Pater
1129 1232 1360 1327 Nicephorius:
1381 1234 1449 1345 qui
1467 1254 1582 1305 tamen
1599 1232 1645 1303 de
1660 1235 1790 1306 crucis
1804 1234 1915 1305 inven-

441 1373 445 1380 ·
558 1335 654 1408 tione
672 1354 743 1404 tam
759 1326 936 1427 splendide
950 1351 1137 1425 nugantur.
1180 1334 1244 1399 De
1261 1353 1332 1425 qua
1344 1330 1437 1427 quid
1455 1327 1666 1403 credendum
1687 1324 1736 1400 srt
1756 1353 1852 1401 mox
1869 1328 1914 1399 iu·

558 1430 749 1526 quiremus.
801 1431 890 1514 Quae
906 1450 995 1497 uero
1003 1426 1195 1497 etiamnum
1206 1424 1433 1497 monstrantur
1438 1423 1752 1523 peregrinantibus
1764 1423 1913 1523 vestigia,

559 1549 725 1596 cameras
745 1518 1241 1595 maleferiatorumhominum
1262 1515 1408 1594 offucias
1433 1516 1496 1592 elle
1517 1569 1527 1604 ,
1564 1546 1618 1595 res
1638 1517 1720 1620 ipsa
1744 1521 1912 1620 loquitur.

419 1708 421 1710 ι
559 1629 635 1693 Nec
653 1645 768 1692 recens
786 1618 911 1691 fabella
929 1620 1080 1713 antiquae
1094 1615 1276 1691 consonat.
1321 1623 1431 1699 Hae,
1456 1617 1601 1715 uestigia
1617 1643 1745 1692 arenae
1764 1614 1914 1715 imprcllr

558 1717 675 1788 dierat.
728 1716 814 1796 Illa,
834 1711 928 1788 saxo.
964 1720 1044 1785 Nec
1063 1712 1205 1812 vestigia
1216 1738 1305 1788 nunc
1317 1735 1515 1796 cernuntur,
1540 1715 1816 1814 sedvestigium
1824 1716 1922 1787 uniut'

559 1813 690 1885 modo,
715 1812 812 1893 edis,
840 1813 874 1883 in
892 1833 987 1909 parre
1005 1809 1125 1906 aliqua
1149 1810 1258 1908 rupis.
1304 1811 1461 1892 Altero,
1489 1836 1556 1885 una
1577 1836 1663 1886 cum
1676 1810 1776 1886 vsaturo
1798 1815 1856 1885 cui
1873 1815 1915 1883 in·

559 1904 671 1982 stitisse
684 1838 827 1991 licitur,
855 1932 874 1978 a
888 1910 1017 1980 Turcis
1028 1908 1069 1978 in
1086 1905 1206 1979 fanum
1220 1906 1367 2005 aliquod
1378 1905 1481 1980 suum
1494 1907 1678 1984 translato.
1712 1910 1824 1985 Delia
1835 1910 1915 1986 Vale

560 2010 638 2079 ltin.
658 2005 730 2078 lib.
742 2029 773 2077 r.
788 2014 871 2101 Cap.
883 2028 999 2079 xxxv1
1010 2028 1043 2078 1.
1096 2004 1241 2078 Adeone
1258 2030 1348 2077 nunc
1364 2005 1586 2102 vestigiorum
1598 2001 1754 2079 suorum
1768 2003 1916 2081 securum

564 2100 689 2174 fetrum
705 2096 771 2173 elle
784 2104 1006 2182 Dominum,
1030 2120 1075 2171 ut
1091 2124 1207 2197 quum
1221 2101 1313 2173 olim
1329 2104 1583 2199 Augustiilrmae
1603 2097 1771 2177 ssasrlicae
1791 2152 1803 2186 ,
1833 2131 1854 2176 a
1870 2106 1916 2201 pia

560 2200 777 2296 imperatrice
793 2195 1015 2271 inhonorem
1029 2196 1263 2287 ejusstruiiae,
1292 2201 1587 2272 concameratione
1606 2201 1679 2295 tegi
1691 2226 1740 2273 ea
1754 2202 1915 2282 noluerit,

559 2319 650 2368 nunc
671 2319 788 2368 earum
798 2316 937 2392 partem
952 2295 1098 2368 alteram
1107 2294 1147 2366 in
1162 2291 1624 2394 ianum'Pseudo-Prophetae
1634 2299 1805 2371 dicatum
1816 2321 1917 2371 traru·

559 2390 638 2464 ferri
654 2394 801 2492 patiatur
823 2388 836 2461 i
857 2393 926 2465 Ori
950 2395 1045 2465 ¹inem
1061 2393 1188 2463 erroris
1206 2387 1368 2464 invenille
1381 2389 1417 2463 se
1432 2394 1541 2466 credit
1558 2397 1731 2476 Homiuu,
1758 2396 1799 2468 in
1809 2396 1917 2470 iisfia

554 2487 766 2576 sebiiverbis
780 2513 864 2587 *quae
883 2414 1013 2563 exlant
1033 2485 1107 2561 Lib.
1119 2510 1201 2562 111.
1220 2492 1259 2561 de
1277 2489 1342 2564 Vct.
1356 2488 1455 2572 Confi.
1466 2500 1542 2585 Cap.
1553 2515 1622 2564 ιιι
1634 2514 1667 2564 1.
1691 2492 1765 2565 ubi
1784 2492 1832 2564 de
1851 2496 1917 2564 llo·

557 2584 645 2657 lenae
664 2587 699 2657 in
717 2586 876 2685 Judaeam
896 2585 1046 2658 adventu
1072 2606 1197 2683 agens,
1223 2585 1334 2667 dicit,
1357 2585 1397 2658 uic
1411 2587 1448 2654 il
1459 2585 1585 2669 ,tiuare
1597 2588 1665 2662 τοῖς
1693 2589 1851 2684 conpita
1871 2583 1915 2658 tir

558 2683 710 2767 opinator
734 2678 1078 2775 incorrumpendum.
1124 2679 1197 2765 Post
1214 2706 1310 2780 quam
1324 2700 1432 2755 autem
1453 2688 1633 2756 Servatort't
1650 2682 1764 2768 nostri
1791 2686 1915 2784 vriit‘gll

557 2777 663 2850 debito
684 2778 772 2849 cuitu
786 2796 945 2850 venerata
965 2778 1020 2860 eii.
1067 2783 1162 2865 Quae
1180 2780 1219 2851 in
1231 2802 1357 2874 genere
1368 2779 1415 2849 de
1434 2778 1555 2876 Judaea
1574 2779 1666 2852 dieta
1686 2827 1701 2863 ,
1734 2784 1804 2858 ubi
1823 2783 1915 2858 Clui-

559 2872 627 2946 stus
640 2864 793 2945 versatus
808 2872 881 2953 est,
901 2869 1025 2945 inscite
1042 2872 1184 2946 fortaffis
1198 2878 1332 2949 Oliveti
1351 2876 1463 2948 monti
1479 2901 1525 2974 ap
1550 2876 1652 2950 licata
1678 2874 1801 2963 sunt,
1832 2882 1912 2954 undt
1949 2881 1952 2980 l

559 2966 715 3042 Christus
730 2966 922 3042 adscendit.
968 2973 1018 3041 Et
1036 2992 1124 3043 certe
1141 2970 1325 3067 paululum
1337 2972 1477 3070 aliquid
1494 2902 1549 3045 acl)
1553 2974 1683 3047 natales
1707 2973 1912 3053 fabulosus·

558 3061 649 3147 ficit,
673 3090 778 3164 ·quae,
800 3088 840 3139 ut
857 3087 897 3137 ut
927 3065 1199 3164 improbabilis,
1226 3065 1383 3141 insanum
1406 3092 1579 3180 quantum
1603 3077 1790 3168 temporis
1817 3079 1909 3150 tradit

558 3159 687 3236 crescit.
739 3161 831 3235 Mihi
858 3185 975 3235 tamen
1000 3165 1113 3262 magis
1137 3162 1273 3238 allubet
1301 3170 1458 3264 opinari,
1486 3192 1531 3241 ex
1547 3165 1733 3243 Zachariae
1755 3173 1909 3250 vaticinii)

557 3255 712 3359 figmenti
760 3256 910 3333 uaefitam
939 3254 1160 3335 occafionem.
1208 3264 1316 3361 Apud
1343 3263 1444 3338 illum
1472 3265 1564 3337 enim
1590 3265 1809 3344 invenimus
1831 3275 1905 3367 cap.

554 3382 648 3431 xlv:
668 3379 706 3448 4.
725 3286 857 3442 iubant
871 3360 970 3454 pedes
989 3355 1058 3450 ejus
1069 3359 1121 3431 ilio
1142 3363 1196 3432 die
1214 3366 1249 3434 iu
1266 3381 1372 3435 monte
1395 3362 1574 3435 Oiioarurra
1626 3365 1749 3453 Quod
1766 3367 1908 3465 prototo

557 3456 662 3528 nimis
679 3454 857 3529 literaliter
873 3453 918 3527 ad
937 3479 1011 3527 rem
1028 3458 1132 3528 traxit
1151 3462 1317 3532 Batonius.
1341 3458 1398 3530 vel
1419 3484 1462 3532 ex
1486 3454 1539 3533 Ps.
1563 3483 1738 3537 cmrr.
1768 3489 1860 3539 com.
1875 3480 1905 3548 7.

555 3554 758 3624 adoravimus
775 3550 830 3624 ubi
841 3550 999 3633 steterunt
1018 3558 1113 3649 pedes
1127 3553 1210 3645 rjus.
1259 3561 1311 3628 Ita
1328 3556 1420 3628 enim
1441 3558 1539 3637 citat,
1567 3558 1604 3629 δι
1617 3554 1686 3629 huc
1700 3558 1819 3637 refert
1828 3570 1905 3638 Pa·

556 3643 649 3719 iinut.
698 3646 917 3744 Superfluum
937 3643 1016 3720 ell'et
1035 3647 1234 3731 ostendere,
1258 3675 1368 3747 quam
1380 3649 1453 3725 haec
1478 3652 1588 3725 aliena
1607 3649 1686 3728 smt.

364 3763 505 3829 XXVI.
655 3746 794 3817 XXVI.
823 3739 984 3836 Ejusdem
1009 3742 1173 3841 ponderis
1193 3745 1241 3821 est
1259 3747 1358 3843 quod
1373 3748 1417 3820 de
1437 3751 1545 3823 crucis
1564 3752 1775 3828 nominicae
1797 3756 1905 3829 inm·

378 3840 495 3935 mirri*
552 3840 653 3912 tione
677 3840 921 3939 prodiderunt.
971 3844 1070 3913 Dum
1101 3840 1326 3941 Hierosolyma
1353 3846 1489 3919 Helena
1511 3846 1715 3923 morabatur
1747 3849 1904 3943 &adici

377 3927 522 4052 ‘xm'
556 3941 716 4032 Spiritus,
740 3956 778 4011 ut
808 3940 926 4034 liencurt
957 3942 1067 4011 &ucis
1084 3941 1271 4036 requireret.
1319 3946 1452 4040 Acccffit
1468 3948 1510 4017 ud
1528 3946 1758 4041 Golgothamt
1788 3952 1837 4024 Bt
1850 3950 1905 4028 al,

377 4085 496 4150 „pm
556 4039 639 4109 Ecce
647 4034 732 4108 locut
745 4052 875 4130 pugna,
899 4031 956 4108 ubi
967 4034 1184 4119 cstviiioria?
1206 4038 1332 4137 Qaro
1356 4065 1461 4135 ignium
1472 4040 1609 4129 salutii,
1632 4044 1678 4117 d*
1691 4047 1902 4121 nonium

556 4135 647 4224 Ego,
669 4133 808 4229 inquit,
835 4137 871 4204 iu
899 4135 1040 4227 Regno.
1064 4136 1108 4207 (a
1128 4142 1220 4207 Crux
1234 4142 1373 4211 Domini
1388 4143 1423 4209 in
1445 4140 1581 4233 pulvere
1603 4140 1621 4213 ἒ
1648 4139 1839 4238 Quando
1863 4163 1905 4216 ι

555 4232 725 4303 redemtam
744 4225 909 4311 arbitror,
929 4229 1122 4321 sirtderutio
1137 4230 1277 4328 ipsranorr
1294 4237 1464 4309 cernitur?
1488 4243 1539 4308 Ita
1558 4261 1633 4310 eam
1650 4236 1689 4310 lo
1718 4239 1905 4315 uentemiu

552 4320 685 4398 scenam
695 4324 1071 4423 producitAmbrofiut2
1096 4333 1338 4406 Oratiirrftor.
1348 4328 1518 4422 Theodosii.
1567 4333 1672 4409 Periti
1701 4361 1799 4412 rmus
1814 4359 1901 4437 ergo·

552 4441 623 4499 tam
642 4422 934 4511 Christianorum,
962 4449 1069 4524 quam
1083 4427 1311 4527 Judaeorum,
1338 4429 1473 4508 rutro
1486 4428 1567 4509 teste
1588 4428 1903 4632 emnium.
