4667 5442
707 435 800 612 Aa
855 465 1011 615 non,
1062 517 1153 613 tx.
1222 445 1549 613 vanem.
1713 515 1784 641 67

434 709 481 761 eo
499 686 592 758 enim
614 680 730 755 nullus
747 678 894 781 superest
910 687 1082 783 apperitus
1100 680 1163 783 qui
1177 680 1394 783 refignandus
1412 681 1462 759 fit.
1515 685 1662 756 Animus
1676 678 1782 756 sande

435 778 633 858 indifferens
654 779 741 852 nihil
762 804 854 852 amat
870 783 997 853 intuitu
1020 778 1069 853 sui
1094 778 1217 880 ipsius,
1245 782 1333 854 nibil
1354 806 1446 854 amat
1473 778 1532 853 nist
1555 803 1696 878 propter
1715 806 1781 853 vo·

434 882 607 956 luntatem
626 879 721 950 Dei:
749 900 839 949 earet
853 881 947 949 omni
968 880 1153 959 eleelione,
1182 880 1360 975 aequaliter
1377 875 1556 976 dispositus
1576 877 1622 949 est
1644 877 1688 947 ad
1702 904 1781 950 om·

436 981 519 1051 nia:
548 1001 590 1046 ne
604 974 749 1071 quidem
769 1000 825 1045 eas
844 1001 897 1047 res
909 998 1004 1047 amat
1016 1000 1104 1072 quas
1115 982 1212 1047 Deus
1226 975 1326 1056 vult,
1355 971 1543 1047 sed'solum
1561 976 1780 1049 voluntatem

435 1074 507 1149 Dei
529 1098 599 1171 qua
617 1095 672 1140 eas
687 1071 777 1147 vult.
828 1074 928 1143 Licet
976 1074 1094 1144 uidem
1113 1069 1298 1142 desiderare
1316 1074 1423 1143 vitam
1446 1094 1628 1151 aeternam,
1655 1091 1692 1142 at
1709 1095 1781 1143 non

436 1196 515 1242 eam
535 1170 582 1240 ob
614 1162 759 1239 caullam
776 1169 877 1266 quod
901 1173 936 1242 in
950 1097 989 1241 le
1016 1165 1248 1240 desiderabilis
1273 1163 1339 1249 sit,
1368 1171 1526 1263 quamvis
1550 1166 1628 1239 talis
1648 1191 1781 1250 revere.

436 1264 497 1341 sed
515 1268 614 1337 unice
635 1286 776 1361 propter
788 1264 1004 1337 voluntatem
1025 1268 1093 1337 Dei
1109 1290 1180 1362 qua
1194 1264 1271 1334 vult
1282 1290 1346 1335 nos
1363 1260 1545 1336 desiderare
1560 1264 1668 1335 vitam
1681 1285 1780 1337 aeter·
1838 1343 1845 1355 ,

435 1389 530 1437 nam.
582 1363 688 1435 Tales
704 1357 804 1433 sensti
829 1384 999 1434 amatores
1014 1364 1112 1442 Dei,
1140 1361 1262 1431 vident
1282 1361 1409 1433 coelum
1428 1357 1488 1431 fibi
1509 1381 1695 1458 apertum,
1724 1363 1779 1432 vi·

436 1461 521 1533 dent
537 1459 637 1532 mille
651 1482 819 1529 aerumnas
837 1458 873 1528 in
890 1460 1009 1537 terris,
1036 1479 1224 1554 utrumque
1244 1457 1363 1554 quoad
1376 1457 1575 1530 eleuionem
1588 1483 1687 1554 aeque
1701 1453 1779 1553 ipsis

438 1557 487 1630 est
506 1551 702 1628 indifferens
720 1584 731 1628 :
760 1552 831 1626 sola
853 1555 923 1624 Dei
941 1553 1102 1624 voluntas
1118 1555 1259 1625 inclinat
1276 1556 1430 1626 animum
1444 1554 1488 1623 ad
1503 1554 1715 1625 alterutrum.
1743 1556 1780 1626 Si

435 1650 559 1727 seirent
573 1649 623 1726 sui
643 1651 901 1722 damnationem
915 1649 1169 1746 aliquantulum
1185 1655 1263 1721 Deo
1281 1653 1467 1748 gratiorem
1488 1645 1550 1719 elle
1568 1675 1674 1746 quam
1688 1646 1780 1720 lalu-

436 1773 538 1830 tem,
567 1747 630 1819 hae
655 1748 769 1819 relide
785 1746 829 1817 ad
848 1746 945 1818 illam
963 1767 1147 1819 currerent.
1167 1775 1171 1781 ·
1200 1751 1280 1818 Hoc
1295 1748 1363 1821 fere
1383 1746 1493 1818 modo
1514 1768 1664 1817 mentem
1684 1743 1780 1821 suam

435 1843 647 1941 suorumque
666 1846 809 1942 exponit
827 1841 1007 1933 francisne
1027 1847 1065 1915 de
1085 1845 1230 1939 Salagnac
1251 1846 1386 1919 Fenelon
1407 1898 1418 1925 ,
1443 1842 1700 1938 Archiepiscopua
1717 1852 1779 1914 Ca·
1854 1907 1863 1916 ..

436 1946 638 2031 meterrensis,
664 1944 700 2011 in
713 1940 846 2022 Libro,
875 1965 945 2012 non
969 1936 1038 2011 suis
1062 1938 1143 2037 plu's
1161 1941 1316 2021 meritis,
1344 1965 1450 2038 quam
1476 1941 1623 2011 aliorum
1640 1962 1779 2012 eontra-

435 2038 668 2119 diClionibus,
696 2039 899 2143 &expetito
913 2044 1012 2134 Papae
1024 2036 1175 2127 judicio,
1202 2062 1241 2108 ae
1251 2039 1431 2134 impetrata
1444 2037 1593 2134 denique
1611 2037 1780 2110 condem-

433 2138 599 2218 natione,
627 2137 662 2206 in
681 2135 826 2207 Ecclelra
846 2139 1004 2205 Romana
1022 2133 1258 2207 celeberrimo.
1286 2142 1365 2208 Art.
1383 2158 1421 2206 v.

532 2236 745 2305 XXXVIII.
771 2231 919 2329 Oppido
937 2227 1078 2303 subtilia
1094 2254 1202 2328 atque
1221 2227 1380 2304 sublimia
1397 2229 1471 2302 haee
1494 2224 1578 2312 elle,
1604 2231 1686 2328 quis
1702 2230 1775 2302 ive·
1788 2262 1951 2325 xxxvm·

433 2334 481 2406 rit
493 2327 620 2403 inficias
644 2328 658 2399 ζ
684 2328 820 2401 Dubito
836 2351 950 2401 tamen
973 2354 1015 2400 an
1040 2329 1161 2398 nonin
1184 2325 1426 2426 metaphysreas
1443 2326 1568 2400 abeant
1586 2324 1776 2400 otiosorum
1791 2339 1851 2395 Non
1867 2333 1948 2416 usque

392 2452 405 2464 ³
434 2426 621 2501 hominum
640 2424 826 2522 μπεωςίας,
849 2425 1089 2522 abducantque
1110 2449 1176 2497 nos
1204 2421 1457 2522 asrmplicitate
1489 2423 1670 2523 Evangelii
1690 2472 1701 2505 ‚
1738 2426 1896 2497 &quaque
1916 2490 1938 2513 ‚‚

437 2520 572 2596 aduosa
588 2525 686 2618 praxi
705 2517 822 2593 santiae
833 2520 1007 2594 eharitatis
1018 2545 1098 2619 erga
1109 2524 1349 2594 Deum&nos
1366 2517 1471 2619 ipson
1521 2526 1599 2619 Ego
1614 2547 1658 2593 ex
1668 2493 1952 2645 Εναη-ἶέἕῗῇζζὶζ,

437 2621 534 2718 gello
551 2617 623 2690 haee
634 2644 715 2714 quae
728 2618 838 2690 dicam
849 2618 966 2692 didici.
1016 2626 1043 2690 1.
1063 2618 1160 2689 Citra
1176 2615 1439 2691 controversiam
1450 2620 1617 2692 amandus
1628 2617 1675 2690 est
1685 2624 1782 2690 Deus
1793 2645 1922 2719 ωυρμ..

433 2738 578 2816 propter
593 2711 627 2786 se
647 2712 760 2811 ipsum
781 2718 818 2786 δι
838 2711 986 2786 infinitas
1001 2710 1077 2786 suas
1096 2715 1318 2810 perfectiones
1339 2742 1350 2801 3
1373 2740 1455 2813 >quae
1476 2740 1556 2787 eum
1580 2719 1617 2787 in
1634 2711 1668 2786 se
1684 2740 1851 2787 ama-ma.

435 2814 607 2890 biliffimae
621 2807 707 2892 smt,
735 2811 864 2883 ideireo
878 2811 1044 2883 amandus
1057 2808 1156 2906 supra
1168 2815 1304 2894 omnia,
1333 2814 1500 2911 omnique
1513 2813 1641 2884 virium
1650 2811 1780 2885 nostra-

433 2939 514 2989 rum
534 2903 734 2983 intensione.
788 2916 833 2981 ll.
860 2908 959 2981 Idem
978 2908 1238 2982 amabilissimus
1262 2916 1362 2982 Deus
1383 2909 1496 2982 bonus
1516 2911 1619 2981 etiam
1645 2908 1713 2990 est,
1740 2912 1780 2982 δε

437 3006 642 3088 beneficus,
670 3004 859 3103 docuitque
887 3031 954 3078 nos
968 3008 1015 3079 ,in
1045 3005 1257 3105 Evangelio,
1282 3005 1369 3080 hane
1389 3000 1452 3078 esse
1473 3004 1780 3081 omnisuffieientiae

438 3104 508 3182 suae
526 3104 675 3205 gloriam
694 3150 706 3185 ,
732 3126 773 3174 ut
789 3102 892 3201 possit
909 3128 948 3175 ae
969 3104 1057 3176 velit
1076 3110 1174 3175 Deus
1198 3107 1234 3175 &
1260 3100 1349 3176 salus
1370 3125 1592 3202 peecatorum
1610 3104 1646 3175 in
1665 3099 1779 3199 ipsum

438 3204 651 3279 credentium
667 3195 739 3273 fieri
750 3225 812 3295 per
827 3199 1014 3272 Christum.
1065 3205 1152 3271 Eam
1174 3197 1504 3273 omnisuffieientiam
1525 3225 1564 3271 ae
1584 3200 1780 3295 benignita-

438 3322 514 3374 tem
528 3300 597 3369 Dei
617 3294 749 3368 summe
765 3296 910 3392 diligere
930 3317 1092 3389 oportet,
1147 3297 1355 3367 uiaDeiest.
1406 3303 1470 3366 ΙΙΙ.
1486 3301 1637 3374 Verum,
1693 3319 1778 3369 uum

436 3402 562 3474 Deus,
616 3396 653 3465 ui
673 3416 737 3462 nos
756 3390 843 3459 adeo
862 3390 1002 3486 diligit,
1030 3415 1101 3460 non
1114 3322 1228 3461 dium
1250 3386 1461 3487 permiserit,
1489 3386 1548 3460 sed
1572 3393 1610 3462 ὃ(
1629 3320 1775 3481 julierit,

436 3514 479 3567 ut
499 3495 536 3563 &
560 3418 621 3586 iplr
642 3512 705 3561 nos
725 3486 940 3584 diligamus,
965 3510 1126 3582 aequum,
1154 3485 1277 3576 justum
1298 3513 1335 3559 ac
1357 3483 1506 3559 sendum
1526 3485 1607 3570 est,
1640 3511 1683 3562 ut
1700 3514 1777 3565 eam

436 3592 509 3666 Dei
526 3581 846 3658 omnisuffitientem
866 3582 1112 3681 benignitatem
1123 3608 1279 3655 amemus
1297 3609 1376 3656 eum
1394 3582 1458 3655 isto
1465 3582 1779 3685 quoquerespeebu

468 3712 547 3759 uem
573 3683 618 3753 ad
639 3707 703 3753 nos
726 3678 857 3761 habet,
884 3683 922 3752 &
942 3680 1004 3754 sub
1024 3705 1097 3779 quo
1128 3678 1230 3753 nobis
1249 3704 1320 3753 tam
1340 3680 1498 3753 amabilis
1517 3685 1720 3779 proponitur
1740 3688 1778 3757 &

437 3716 579 3857 dieitur
600 3781 635 3851 in
649 3778 852 3875 Evangelio,
904 3786 967 3853 IV.
995 3783 1158 3850 Attamen
1178 3803 1289 3874 quum
1307 3779 1343 3849 in
1356 3777 1416 3849 ista
1427 3774 1706 3851 omnisuffieiente
1717 3780 1780 3851 be-

438 3881 608 3978 nignitate
626 3876 721 3957 Dei,
748 3898 817 3970 qua
827 3874 989 3956 beamur,
1016 3874 1089 3946 duo
1108 3873 1260 3947 distinete
1279 3872 1476 3946 considerari
1491 3874 1637 3971 poffint3
1662 3877 1777 3973 primo

439 3978 554 4078 gloria
572 3996 676 4046 tantae
689 3974 905 4070 perfeetionis
922 3975 958 4043 in
979 3976 1085 4052 Deo,
1109 3970 1238 4042 deinde
1260 3971 1404 4043 felicitas
1424 3970 1504 4042 inde
1526 3972 1721 4046 redundans
1741 3977 1776 4047 in

439 4100 506 4147 nos
526 4120 537 4155 ,
565 4093 698 4169 quanto
717 4075 814 4141 Deus
834 4070 946 4159 major
964 4094 1006 4141 ac
1023 4066 1234 4165 praellantior
1250 4066 1301 4139 est
1324 4066 1497 4150 homine,
1532 4072 1569 4141 ὃ(
1590 4095 1686 4144 amor
1710 4074 1778 4146 Dei

442 4171 626 4268 praevalere
649 4165 753 4238 debet
772 4192 843 4263 prae
867 4193 984 4239 amore
998 4164 1134 4247 nostri,
1157 4187 1257 4237 tanto
1276 4166 1380 4237 etiam
1399 4166 1516 4263 potior
1541 4167 1642 4239 nobis
1659 4170 1693 4239 in
1714 4168 1777 4243 hac

442 4265 515 4364 ipsa
541 4291 578 4341 re
603 4258 667 4336 else
693 4263 797 4334 debet
815 4265 884 4334 Dei
900 4263 1034 4361 gloria,
1060 4286 1168 4359 quam
1190 4261 1300 4335 nostra
1327 4257 1428 4337 salus.
1470 4270 1524 4337 xV.
1545 4266 1779 4365 Quandoqui-

442 4365 526 4436 dem
535 4387 604 4436 non
616 4360 728 4459 potest
740 4385 810 4432 non
823 4360 869 4431 ad
882 4362 950 4431 Dei
958 4360 1107 4460 gloriam
1119 4353 1182 4429 elle
1196 4405 1216 4439 „
1234 4381 1274 4431 ut
1283 4385 1403 4432 omnes
1421 4362 1456 4431 in
1467 4359 1640 4434 Christum
1654 4359 1777 4436 smeere

441 4459 621 4539 eredentes
639 4461 676 4535 δι
691 4463 812 4535 Deum
829 4452 1105 4533 macerantes
1121 4480 1185 4553 per-
1201 4451 1466 4535 inunenfitatem
1482 4453 1779 4627 omnsuffeientis
1836 4532 1839 4537 ,

1087 4560 1106 4630 1
1129 4580 1154 4635 2
1381 4617 1387 4626 .
1648 4555 1782 4657 enigni-
