<?xml version="1.0" encoding="UTF-8"?>
<!DOCTYPE html PUBLIC "-//W3C//DTD XHTML 1.0 Transitional//EN"
    "http://www.w3.org/TR/xhtml1/DTD/xhtml1-transitional.dtd">
<html xmlns="http://www.w3.org/1999/xhtml" xml:lang="en" lang="en">
 <head>
  <title>
</title>
<meta http-equiv="Content-Type" content="text/html;charset=utf-8" />
  <meta name='ocr-system' content='tesseract 3.04.00' />
  <meta name='ocr-capabilities' content='ocr_page ocr_carea ocr_par ocr_line ocrx_word'/>
</head>
<body>
  <div class='ocr_page' id='page_1' title='image "./hermanniwitsiim01witsgoog/hermanniwitsiim01witsgoog_0744.png"; bbox 0 0 4667 5442; ppageno 0'>
   <div class='ocr_carea' id='block_1_1' title="bbox 705 411 1895 566">
    <p class='ocr_par' dir='ltr' id='par_1_1' title="bbox 705 411 1895 566">
     <span class='ocr_line' id='line_1_1' title="bbox 705 411 1895 566; baseline 0.008 -29"><span class='ocrx_word' id='word_1_1' title='bbox 705 437 782 537; x_wconf 81' lang='lat' dir='ltr'>Do</span> <span class='ocrx_word' id='word_1_2' title='bbox 818 440 1183 546; x_wconf 74' lang='lat' dir='ltr'>Turocuanrr</span> <span class='ocrx_word' id='word_1_3' title='bbox 1220 443 1475 544; x_wconf 74' lang='lat' dir='ltr'>lennem.</span> <span class='ocrx_word' id='word_1_4' title='bbox 1569 411 1571 416; x_wconf 29' lang='lat'>⁵</span> <span class='ocrx_word' id='word_1_5' title='bbox 1699 454 1797 566; x_wconf 88' lang='lat'>725</span> <span class='ocrx_word' id='word_1_6' title='bbox 1891 537 1895 548; x_wconf 92' lang='lat'><em>.</em></span> 
     </span>
    </p>
   </div>
   <div class='ocr_carea' id='block_1_2' title="bbox 446 600 1963 1391">
    <p class='ocr_par' dir='ltr' id='par_1_2' title="bbox 455 600 1801 780">
     <span class='ocr_line' id='line_1_2' title="bbox 455 600 1801 711; baseline -0.004 -27"><span class='ocrx_word' id='word_1_7' title='bbox 455 605 545 684; x_wconf 78' lang='lat' dir='ltr'>dove</span> <span class='ocrx_word' id='word_1_8' title='bbox 557 608 770 685; x_wconf 70' lang='lat' dir='ltr'>dominabitur</span> <span class='ocrx_word' id='word_1_9' title='bbox 785 607 887 685; x_wconf 74' lang='lat' dir='ltr'>volti.</span> <span class='ocrx_word' id='word_1_10' title='bbox 938 615 974 684; x_wconf 92' lang='lat' dir='ltr'>O</span> <span class='ocrx_word' id='word_1_11' title='bbox 989 610 1105 687; x_wconf 81' lang='lat' dir='ltr'>felices</span> <span class='ocrx_word' id='word_1_12' title='bbox 1120 607 1182 686; x_wconf 89' lang='lat' dir='ltr'>sub</span> <span class='ocrx_word' id='word_1_13' title='bbox 1203 609 1329 689; x_wconf 83' lang='lat' dir='ltr'>toelclli</span> <span class='ocrx_word' id='word_1_14' title='bbox 1351 608 1418 685; x_wconf 88' lang='lat' dir='ltr'>hoc</span> <span class='ocrx_word' id='word_1_15' title='bbox 1442 614 1539 711; x_wconf 86' lang='lat' dir='ltr'>Rege</span> <span class='ocrx_word' id='word_1_16' title='bbox 1560 600 1749 689; x_wconf 63' lang='lat' dir='ltr'>israelitas,</span> <span class='ocrx_word' id='word_1_17' title='bbox 1775 600 1801 679; x_wconf 88' lang='lat' dir='ltr'>li</span> 
     </span>
     <span class='ocr_line' id='line_1_3' title="bbox 456 700 832 780; baseline 0 0"><span class='ocrx_word' id='word_1_18' title='bbox 456 701 553 780; x_wconf 87' lang='lat' dir='ltr'>bona</span> <span class='ocrx_word' id='word_1_19' title='bbox 570 700 628 777; x_wconf 88' lang='lat' dir='ltr'>sua</span> <span class='ocrx_word' id='word_1_20' title='bbox 646 702 832 780; x_wconf 84' lang='lat' dir='ltr'>novissent!</span> 
     </span>
    </p>

    <p class='ocr_par' dir='ltr' id='par_1_3' title="bbox 446 798 1963 1391">
     <span class='ocr_line' id='line_1_4' title="bbox 555 798 1941 904; baseline 0.001 -29"><span class='ocrx_word' id='word_1_21' title='bbox 555 801 625 875; x_wconf 85' lang='lat' dir='ltr'>Sed</span> <span class='ocrx_word' id='word_1_22' title='bbox 642 798 755 877; x_wconf 86' lang='lat' dir='ltr'>nescio</span> <span class='ocrx_word' id='word_1_23' title='bbox 776 803 903 902; x_wconf 89' lang='lat' dir='ltr'>quibus</span> <span class='ocrx_word' id='word_1_24' title='bbox 926 804 1026 878; x_wconf 86' lang='lat' dir='ltr'>malae</span> <span class='ocrx_word' id='word_1_25' title='bbox 1043 808 1168 879; x_wconf 88' lang='lat' dir='ltr'>mentis</span> <span class='ocrx_word' id='word_1_26' title='bbox 1183 803 1280 879; x_wconf 84' lang='lat' dir='ltr'>furiis</span> <span class='ocrx_word' id='word_1_27' title='bbox 1292 804 1440 904; x_wconf 87' lang='lat' dir='ltr'>agitatos</span> <span class='ocrx_word' id='word_1_28' title='bbox 1452 803 1718 901; x_wconf 88' lang='lat' dir='ltr'>pigeretandem</span> <span class='ocrx_word' id='word_1_29' title='bbox 1728 801 1796 872; x_wconf 89' lang='lat' dir='ltr'>Di·</span> <span class='ocrx_word' id='word_1_30' title='bbox 1827 829 1852 874; x_wconf 88' lang='lat'>1.</span> <span class='ocrx_word' id='word_1_31' title='bbox 1863 810 1941 877; x_wconf 83' lang='lat' dir='ltr'>Sam.</span> 
     </span>
     <span class='ocr_line' id='line_1_5' title="bbox 457 895 1912 1001; baseline -0.001 -29"><span class='ocrx_word' id='word_1_32' title='bbox 457 895 535 972; x_wconf 78' lang='lat' dir='ltr'>vini</span> <span class='ocrx_word' id='word_1_33' title='bbox 548 900 687 996; x_wconf 83' lang='lat' dir='ltr'>imperii</span> <span class='ocrx_word' id='word_1_34' title='bbox 705 902 820 1000; x_wconf 91' lang='lat' dir='ltr'>coepit.</span> <span class='ocrx_word' id='word_1_35' title='bbox 871 898 1100 975; x_wconf 88' lang='lat' dir='ltr'>Tumultuose</span> <span class='ocrx_word' id='word_1_36' title='bbox 1111 901 1306 976; x_wconf 77' lang='lat' dir='ltr'>Samuelem</span> <span class='ocrx_word' id='word_1_37' title='bbox 1315 900 1474 1001; x_wconf 86' lang='lat' dir='ltr'>Judicem</span> <span class='ocrx_word' id='word_1_38' title='bbox 1485 900 1634 983; x_wconf 89' lang='lat' dir='ltr'>adeunt,</span> <span class='ocrx_word' id='word_1_39' title='bbox 1660 895 1799 998; x_wconf 84' lang='lat' dir='ltr'>praefra·</span> <span class='ocrx_word' id='word_1_40' title='bbox 1823 903 1912 956; x_wconf 68' lang='lat' dir='ltr'>Vm·</span> 
     </span>
     <span class='ocr_line' id='line_1_6' title="bbox 455 991 1800 1097; baseline -0.004 -25"><span class='ocrx_word' id='word_1_41' title='bbox 455 998 510 1072; x_wconf 62' lang='lat' dir='ltr'>&amp;e</span> <span class='ocrx_word' id='word_1_42' title='bbox 528 1016 684 1093; x_wconf 87' lang='lat' dir='ltr'>petentes</span> <span class='ocrx_word' id='word_1_43' title='bbox 696 1000 828 1096; x_wconf 84' lang='lat' dir='ltr'>Regem</span> <span class='ocrx_word' id='word_1_44' title='bbox 847 993 908 1071; x_wconf 78' lang='lat' dir='ltr'>sobi</span> <span class='ocrx_word' id='word_1_45' title='bbox 923 994 1071 1095; x_wconf 69' lang='lat' dir='ltr'>prefici,</span> <span class='ocrx_word' id='word_1_46' title='bbox 1098 998 1238 1096; x_wconf 86' lang='lat' dir='ltr'>qualem</span> <span class='ocrx_word' id='word_1_47' title='bbox 1251 1001 1370 1073; x_wconf 83' lang='lat' dir='ltr'>vitinae</span> <span class='ocrx_word' id='word_1_48' title='bbox 1381 1019 1499 1097; x_wconf 82' lang='lat' dir='ltr'>gentes</span> <span class='ocrx_word' id='word_1_49' title='bbox 1510 995 1700 1070; x_wconf 77' lang='lat' dir='ltr'>habebant:</span> <span class='ocrx_word' id='word_1_50' title='bbox 1726 991 1800 1067; x_wconf 88' lang='lat' dir='ltr'>for·</span> 
     </span>
     <span class='ocr_line' id='line_1_7' title="bbox 454 1083 1799 1192; baseline -0.005 -24"><span class='ocrx_word' id='word_1_51' title='bbox 454 1089 548 1168; x_wconf 74' lang='lat' dir='ltr'>nffio</span> <span class='ocrx_word' id='word_1_52' title='bbox 563 1093 602 1165; x_wconf 72' lang='grc' dir='ltr'>δι</span> <span class='ocrx_word' id='word_1_53' title='bbox 619 1083 747 1166; x_wconf 85' lang='lat' dir='ltr'>secreto</span> <span class='ocrx_word' id='word_1_54' title='bbox 759 1096 798 1167; x_wconf 76' lang='grc' dir='ltr'>δι</span> <span class='ocrx_word' id='word_1_55' title='bbox 809 1093 878 1167; x_wconf 86' lang='lat' dir='ltr'>alte</span> <span class='ocrx_word' id='word_1_56' title='bbox 889 1093 1097 1169; x_wconf 75' lang='lat' dir='ltr'>dissimulato</span> <span class='ocrx_word' id='word_1_57' title='bbox 1110 1096 1238 1169; x_wconf 90' lang='lat' dir='ltr'>rituum</span> <span class='ocrx_word' id='word_1_58' title='bbox 1251 1096 1289 1168; x_wconf 87' lang='lat'>&amp;</span> <span class='ocrx_word' id='word_1_59' title='bbox 1309 1097 1492 1169; x_wconf 90' lang='lat' dir='ltr'>numinum</span> <span class='ocrx_word' id='word_1_60' title='bbox 1512 1093 1697 1192; x_wconf 73' lang='lat' dir='ltr'>gentilium</span> <span class='ocrx_word' id='word_1_61' title='bbox 1711 1084 1799 1162; x_wconf 84' lang='lat' dir='ltr'>dest·</span> 
     </span>
     <span class='ocr_line' id='line_1_8' title="bbox 452 1183 1800 1289; baseline -0.005 -25"><span class='ocrx_word' id='word_1_62' title='bbox 452 1183 570 1264; x_wconf 70' lang='lat' dir='ltr'>deno.</span> <span class='ocrx_word' id='word_1_63' title='bbox 619 1190 831 1287; x_wconf 77' lang='lat' dir='ltr'>AEgerrime,</span> <span class='ocrx_word' id='word_1_64' title='bbox 859 1213 898 1263; x_wconf 88' lang='lat' dir='ltr'>ut</span> <span class='ocrx_word' id='word_1_65' title='bbox 917 1189 1060 1289; x_wconf 75' lang='lat' dir='ltr'>preest,</span> <span class='ocrx_word' id='word_1_66' title='bbox 1087 1189 1126 1264; x_wconf 95' lang='lat' dir='ltr'>id</span> <span class='ocrx_word' id='word_1_67' title='bbox 1141 1191 1223 1265; x_wconf 88' lang='lat' dir='ltr'>tulit</span> <span class='ocrx_word' id='word_1_68' title='bbox 1241 1197 1357 1274; x_wconf 86' lang='lat' dir='ltr'>Deus,</span> <span class='ocrx_word' id='word_1_69' title='bbox 1384 1192 1421 1262; x_wconf 90' lang='lat' dir='ltr'>in</span> <span class='ocrx_word' id='word_1_70' title='bbox 1441 1184 1491 1263; x_wconf 89' lang='lat' dir='ltr'>sui</span> <span class='ocrx_word' id='word_1_71' title='bbox 1500 1187 1574 1263; x_wconf 82' lang='lat' dir='ltr'>haec</span> <span class='ocrx_word' id='word_1_72' title='bbox 1586 1188 1704 1262; x_wconf 90' lang='lat' dir='ltr'>omnia</span> <span class='ocrx_word' id='word_1_73' title='bbox 1713 1209 1800 1258; x_wconf 88' lang='lat' dir='ltr'>con·</span> 
     </span>
     <span class='ocr_line' id='line_1_9' title="bbox 446 1265 1963 1391; baseline -0.004 -31"><span class='ocrx_word' id='word_1_74' title='bbox 446 1282 640 1360; x_wconf 70' lang='lat' dir='ltr'>&#39;ameliam</span> <span class='ocrx_word' id='word_1_75' title='bbox 671 1281 844 1391; x_wconf 82' lang='lat' dir='ltr'>stetique</span> <span class='ocrx_word' id='word_1_76' title='bbox 871 1289 1073 1378; x_wconf 81' lang='lat' dir='ltr'>injuriamr</span> <span class='ocrx_word' id='word_1_77' title='bbox 1117 1289 1234 1361; x_wconf 84' lang='lat' dir='ltr'>iminis</span> <span class='ocrx_word' id='word_1_78' title='bbox 1257 1289 1510 1386; x_wconf 85' lang='lat' dir='ltr'>interpretatus.</span> <span class='ocrx_word' id='word_1_79' title='bbox 1561 1290 1607 1360; x_wconf 84' lang='lat' dir='ltr'>Et</span> <span class='ocrx_word' id='word_1_80' title='bbox 1626 1265 1798 1384; x_wconf 78' lang='lat' dir='ltr'>quunsin</span> <span class='ocrx_word' id='word_1_81' title='bbox 1940 1345 1963 1366; x_wconf 35' lang='grc' dir='ltr'>α</span> 
     </span>
    </p>
   </div>
   <div class='ocr_carea' id='block_1_3' title="bbox 446 1308 1801 1654">
    <p class='ocr_par' dir='ltr' id='par_1_4' title="bbox 446 1308 1801 1654">
     <span class='ocr_line' id='line_1_10' title="bbox 453 1308 1800 1492; baseline -0.003 -39"><span class='ocrx_word' id='word_1_82' title='bbox 453 1401 623 1481; x_wconf 77' lang='lat' dir='ltr'>promptu</span> <span class='ocrx_word' id='word_1_83' title='bbox 639 1310 780 1455; x_wconf 77' lang='lat' dir='ltr'>haberet</span> <span class='ocrx_word' id='word_1_84' title='bbox 795 1406 866 1457; x_wconf 89' lang='lat' dir='ltr'>tam</span> <span class='ocrx_word' id='word_1_85' title='bbox 887 1384 986 1458; x_wconf 84' lang='lat' dir='ltr'>foedae</span> <span class='ocrx_word' id='word_1_86' title='bbox 1001 1308 1200 1457; x_wconf 77' lang='lat' dir='ltr'>rebellionis</span> <span class='ocrx_word' id='word_1_87' title='bbox 1221 1383 1433 1468; x_wconf 74' lang='lat' dir='ltr'>vindictam,</span> <span class='ocrx_word' id='word_1_88' title='bbox 1460 1380 1582 1457; x_wconf 86' lang='lat' dir='ltr'>maluit</span> <span class='ocrx_word' id='word_1_89' title='bbox 1598 1402 1714 1492; x_wconf 78' lang='lat' dir='ltr'>tamen</span> <span class='ocrx_word' id='word_1_90' title='bbox 1732 1402 1800 1477; x_wconf 91' lang='lat' dir='ltr'>po-</span> 
     </span>
     <span class='ocr_line' id='line_1_11' title="bbox 446 1466 1801 1654; baseline -0.001 -104"><span class='ocrx_word' id='word_1_91' title='bbox 446 1475 637 1654; x_wconf 48' lang='lat' dir='ltr'>ffffivotio</span> <span class='ocrx_word' id='word_1_92' title='bbox 655 1474 830 1566; x_wconf 84' lang='lat' dir='ltr'>satisfieri,</span> <span class='ocrx_word' id='word_1_93' title='bbox 858 1481 986 1580; x_wconf 82' lang='lat' dir='ltr'>quibus</span> <span class='ocrx_word' id='word_1_94' title='bbox 1000 1482 1139 1555; x_wconf 83' lang='lat' dir='ltr'>meritae</span> <span class='ocrx_word' id='word_1_95' title='bbox 1155 1479 1308 1557; x_wconf 75' lang='lat' dir='ltr'>stultitia</span> <span class='ocrx_word' id='word_1_96' title='bbox 1324 1474 1519 1630; x_wconf 75' lang='lat' dir='ltr'>suoepoenao</span> <span class='ocrx_word' id='word_1_97' title='bbox 1535 1473 1598 1578; x_wconf 83' lang='lat' dir='ltr'>ipss</span> <span class='ocrx_word' id='word_1_98' title='bbox 1612 1471 1674 1552; x_wconf 79' lang='lat' dir='ltr'>fibi</span> <span class='ocrx_word' id='word_1_99' title='bbox 1691 1466 1801 1602; x_wconf 83' lang='lat' dir='ltr'>arces·</span> 
     </span>
    </p>
   </div>
   <div class='ocr_carea' id='block_1_4' title="bbox 443 1595 1981 4384">
    <p class='ocr_par' dir='ltr' id='par_1_5' title="bbox 443 1595 1981 4384">
     <span class='ocr_line' id='line_1_12' title="bbox 559 1595 587 1647; baseline 0 0"><span class='ocrx_word' id='word_1_100' title='bbox 559 1595 587 1647; x_wconf 91' lang='lat' dir='ltr'>t.</span> 
     </span>
     <span class='ocr_line' id='line_1_13' title="bbox 459 1663 1798 1776; baseline 0.001 -33"><span class='ocrx_word' id='word_1_101' title='bbox 459 1723 467 1736; x_wconf 88' lang='lat'><strong>.</strong></span> <span class='ocrx_word' id='word_1_102' title='bbox 554 1673 649 1772; x_wconf 82' lang='lat' dir='ltr'>Juris</span> <span class='ocrx_word' id='word_1_103' title='bbox 661 1695 745 1771; x_wconf 86' lang='lat' dir='ltr'>ergo</span> <span class='ocrx_word' id='word_1_104' title='bbox 759 1677 864 1774; x_wconf 87' lang='lat' dir='ltr'>Regii</span> <span class='ocrx_word' id='word_1_105' title='bbox 882 1676 1050 1749; x_wconf 81' lang='lat' dir='ltr'>rationem</span> <span class='ocrx_word' id='word_1_106' title='bbox 1067 1699 1207 1749; x_wconf 87' lang='lat' dir='ltr'>omnem</span> <span class='ocrx_word' id='word_1_107' title='bbox 1223 1672 1408 1776; x_wconf 84' lang='lat' dir='ltr'>diligenter</span> <span class='ocrx_word' id='word_1_108' title='bbox 1425 1669 1615 1748; x_wconf 72' lang='lat' dir='ltr'>aSamuile</span> <span class='ocrx_word' id='word_1_109' title='bbox 1630 1663 1798 1750; x_wconf 87' lang='lat' dir='ltr'>conscribi</span> 
     </span>
     <span class='ocr_line' id='line_1_14' title="bbox 450 1761 1799 1871; baseline 0.001 -31"><span class='ocrx_word' id='word_1_110' title='bbox 450 1761 565 1860; x_wconf 68' lang='lat' dir='ltr'>hille,</span> <span class='ocrx_word' id='word_1_111' title='bbox 586 1768 685 1866; x_wconf 91' lang='lat' dir='ltr'>quod</span> <span class='ocrx_word' id='word_1_112' title='bbox 701 1793 870 1867; x_wconf 90' lang='lat' dir='ltr'>quantum</span> <span class='ocrx_word' id='word_1_113' title='bbox 882 1794 901 1842; x_wconf 89' lang='lat' dir='ltr'>a</span> <span class='ocrx_word' id='word_1_114' title='bbox 913 1766 963 1843; x_wconf 91' lang='lat' dir='ltr'>sui</span> <span class='ocrx_word' id='word_1_115' title='bbox 979 1772 1156 1871; x_wconf 85' lang='lat' dir='ltr'>regiminis</span> <span class='ocrx_word' id='word_1_116' title='bbox 1173 1770 1300 1865; x_wconf 87' lang='lat' dir='ltr'>justitia</span> <span class='ocrx_word' id='word_1_117' title='bbox 1312 1773 1523 1869; x_wconf 72' lang='lat' dir='ltr'>&amp;equitate</span> <span class='ocrx_word' id='word_1_118' title='bbox 1536 1764 1681 1853; x_wconf 86' lang='lat' dir='ltr'>abesset,</span> <span class='ocrx_word' id='word_1_119' title='bbox 1710 1766 1799 1842; x_wconf 77' lang='lat' dir='ltr'>fauo</span> 
     </span>
     <span class='ocr_line' id='line_1_15' title="bbox 449 1859 1871 1963; baseline 0 -23"><span class='ocrx_word' id='word_1_120' title='bbox 449 1859 636 1963; x_wconf 66' lang='lat' dir='ltr'>utiusque</span> <span class='ocrx_word' id='word_1_121' title='bbox 663 1865 821 1941; x_wconf 68' lang='lat' dir='ltr'>conflictu</span> <span class='ocrx_word' id='word_1_122' title='bbox 840 1868 866 1943; x_wconf 93' lang='lat' dir='ltr'>li</span> <span class='ocrx_word' id='word_1_123' title='bbox 895 1868 981 1940; x_wconf 86' lang='lat' dir='ltr'>uido</span> <span class='ocrx_word' id='word_1_124' title='bbox 1003 1865 1187 1943; x_wconf 79' lang='lat' dir='ltr'>constabat.</span> <span class='ocrx_word' id='word_1_125' title='bbox 1237 1862 1532 1945; x_wconf 76' lang='lat' dir='ltr'>perseverantibus</span> <span class='ocrx_word' id='word_1_126' title='bbox 1550 1888 1664 1940; x_wconf 87' lang='lat' dir='ltr'>tamen</span> <span class='ocrx_word' id='word_1_127' title='bbox 1684 1860 1799 1941; x_wconf 87' lang='lat' dir='ltr'>insana</span> <span class='ocrx_word' id='word_1_128' title='bbox 1857 1917 1871 1940; x_wconf 90' lang='lat'><strong>.</strong></span> 
     </span>
     <span class='ocr_line' id='line_1_16' title="bbox 446 1892 1798 2062; baseline -0.003 -26"><span class='ocrx_word' id='word_1_129' title='bbox 446 1955 667 2060; x_wconf 65' lang='lat' dir='ltr'>&amp;gitatione</span> <span class='ocrx_word' id='word_1_130' title='bbox 684 1965 844 2062; x_wconf 84' lang='lat' dir='ltr'>Regem,</span> <span class='ocrx_word' id='word_1_131' title='bbox 869 1892 929 2039; x_wconf 76' lang='lat' dir='ltr'>sed</span> <span class='ocrx_word' id='word_1_132' title='bbox 946 1959 1094 2048; x_wconf 88' lang='lat' dir='ltr'>sortito,</span> <span class='ocrx_word' id='word_1_133' title='bbox 1121 1965 1245 2053; x_wconf 70' lang='lat' dir='ltr'>dedit,</span> <span class='ocrx_word' id='word_1_134' title='bbox 1269 1962 1394 2047; x_wconf 89' lang='lat' dir='ltr'>idest,</span> <span class='ocrx_word' id='word_1_135' title='bbox 1416 1958 1475 2037; x_wconf 90' lang='lat' dir='ltr'>sua</span> <span class='ocrx_word' id='word_1_136' title='bbox 1490 1987 1571 2036; x_wconf 91' lang='lat' dir='ltr'>eum</span> <span class='ocrx_word' id='word_1_137' title='bbox 1591 1959 1798 2036; x_wconf 85' lang='lat' dir='ltr'>monstrante</span> 
     </span>
     <span class='ocr_line' id='line_1_17' title="bbox 476 2049 1941 2162; baseline -0.002 -30"><span class='ocrx_word' id='word_1_138' title='bbox 476 2057 698 2142; x_wconf 72' lang='lat' dir='ltr'>recidentia,</span> <span class='ocrx_word' id='word_1_139' title='bbox 724 2084 768 2133; x_wconf 87' lang='lat' dir='ltr'>ne</span> <span class='ocrx_word' id='word_1_140' title='bbox 780 2056 945 2135; x_wconf 79' lang='lat' dir='ltr'>abdicasse</span> <span class='ocrx_word' id='word_1_141' title='bbox 964 2056 998 2134; x_wconf 87' lang='lat' dir='ltr'>se</span> <span class='ocrx_word' id='word_1_142' title='bbox 1020 2066 1145 2162; x_wconf 89' lang='lat' dir='ltr'>Regno</span> <span class='ocrx_word' id='word_1_143' title='bbox 1163 2062 1351 2136; x_wconf 83' lang='lat' dir='ltr'>videretur.</span> <span class='ocrx_word' id='word_1_144' title='bbox 1401 2065 1518 2160; x_wconf 80' lang='lat' dir='ltr'>Atque</span> <span class='ocrx_word' id='word_1_145' title='bbox 1538 2055 1629 2134; x_wconf 86' lang='lat' dir='ltr'>hune</span> <span class='ocrx_word' id='word_1_146' title='bbox 1644 2054 1758 2161; x_wconf 86' lang='lat' dir='ltr'>ipsum</span> <span class='ocrx_word' id='word_1_147' title='bbox 1775 2081 1796 2129; x_wconf 89' lang='lat' dir='ltr'>a</span> <span class='ocrx_word' id='word_1_148' title='bbox 1827 2049 1941 2114; x_wconf 53' lang='grc' dir='ltr'>ΒΜ·</span> 
     </span>
     <span class='ocr_line' id='line_1_18' title="bbox 535 2127 1954 2270; baseline -0.001 -43"><span class='ocrx_word' id='word_1_149' title='bbox 535 2153 624 2228; x_wconf 80' lang='lat' dir='ltr'>odeo</span> <span class='ocrx_word' id='word_1_150' title='bbox 669 2155 793 2231; x_wconf 81' lang='lat' dir='ltr'>endere</span> <span class='ocrx_word' id='word_1_151' title='bbox 813 2158 927 2232; x_wconf 86' lang='lat' dir='ltr'>voluit</span> <span class='ocrx_word' id='word_1_152' title='bbox 940 2156 1109 2243; x_wconf 86' lang='lat' dir='ltr'>arbitrio,</span> <span class='ocrx_word' id='word_1_153' title='bbox 1136 2182 1176 2233; x_wconf 90' lang='lat' dir='ltr'>ut</span> <span class='ocrx_word' id='word_1_154' title='bbox 1192 2183 1235 2233; x_wconf 88' lang='lat' dir='ltr'>ne</span> <span class='ocrx_word' id='word_1_155' title='bbox 1248 2157 1293 2231; x_wconf 93' lang='lat' dir='ltr'>de</span> <span class='ocrx_word' id='word_1_156' title='bbox 1306 2180 1377 2231; x_wconf 91' lang='lat' dir='ltr'>tem</span> <span class='ocrx_word' id='word_1_157' title='bbox 1427 2182 1463 2231; x_wconf 90' lang='lat' dir='ltr'>re</span> <span class='ocrx_word' id='word_1_158' title='bbox 1483 2155 1626 2256; x_wconf 87' lang='lat' dir='ltr'>quidem</span> <span class='ocrx_word' id='word_1_159' title='bbox 1638 2152 1796 2229; x_wconf 83' lang='lat' dir='ltr'>ineundae</span> <span class='ocrx_word' id='word_1_160' title='bbox 1822 2127 1954 2270; x_wconf 43' lang='lat'>{³¹35}</span> 
     </span>
     <span class='ocr_line' id='line_1_19' title="bbox 448 2242 1947 2424; baseline -0.003 -99"><span class='ocrx_word' id='word_1_161' title='bbox 448 2273 603 2424; x_wconf 67' lang='lat' dir='ltr'>pugne,</span> <span class='ocrx_word' id='word_1_162' title='bbox 655 2254 900 2330; x_wconf 87' lang='lat' dir='ltr'>etrueidandis</span> <span class='ocrx_word' id='word_1_163' title='bbox 919 2277 979 2328; x_wconf 86' lang='lat' dir='ltr'>aut</span> <span class='ocrx_word' id='word_1_164' title='bbox 992 2256 1169 2354; x_wconf 83' lang='lat' dir='ltr'>parcendis</span> <span class='ocrx_word' id='word_1_165' title='bbox 1190 2256 1288 2328; x_wconf 72' lang='lat' dir='ltr'>vietis</span> <span class='ocrx_word' id='word_1_166' title='bbox 1300 2252 1387 2329; x_wconf 80' lang='lat' dir='ltr'>hosii</span> <span class='ocrx_word' id='word_1_167' title='bbox 1413 2279 1453 2327; x_wconf 89' lang='lat' dir='ltr'>us</span> <span class='ocrx_word' id='word_1_168' title='bbox 1465 2248 1696 2352; x_wconf 88' lang='lat' dir='ltr'>pecudibusve</span> <span class='ocrx_word' id='word_1_169' title='bbox 1706 2259 1725 2332; x_wconf 72' lang='lat'>,‘</span> <span class='ocrx_word' id='word_1_170' title='bbox 1740 2249 1798 2321; x_wconf 92' lang='lat' dir='ltr'>di·</span> <span class='ocrx_word' id='word_1_171' title='bbox 1872 2245 1881 2267; x_wconf 80' lang='grc'>’</span> <span class='ocrx_word' id='word_1_172' title='bbox 1934 2242 1947 2263; x_wconf 84' lang='grc'>’</span> 
     </span>
     <span class='ocr_line' id='line_1_20' title="bbox 517 2344 1796 2448; baseline 0 -25"><span class='ocrx_word' id='word_1_173' title='bbox 517 2372 598 2424; x_wconf 85' lang='lat' dir='ltr'>uere</span> <span class='ocrx_word' id='word_1_174' title='bbox 616 2374 681 2447; x_wconf 89' lang='lat' dir='ltr'>pro</span> <span class='ocrx_word' id='word_1_175' title='bbox 700 2349 814 2424; x_wconf 91' lang='lat' dir='ltr'>lubitu</span> <span class='ocrx_word' id='word_1_176' title='bbox 835 2347 896 2425; x_wconf 89' lang='lat' dir='ltr'>suo</span> <span class='ocrx_word' id='word_1_177' title='bbox 917 2352 1064 2426; x_wconf 84' lang='lat' dir='ltr'>licuerit.</span> <span class='ocrx_word' id='word_1_178' title='bbox 1115 2350 1225 2443; x_wconf 81' lang='lat' dir='ltr'>Quod</span> <span class='ocrx_word' id='word_1_179' title='bbox 1241 2374 1353 2448; x_wconf 90' lang='lat' dir='ltr'>quum</span> <span class='ocrx_word' id='word_1_180' title='bbox 1377 2348 1437 2425; x_wconf 79' lang='lat' dir='ltr'>sibi</span> <span class='ocrx_word' id='word_1_181' title='bbox 1459 2346 1640 2447; x_wconf 80' lang='lat' dir='ltr'>arrogasset</span> <span class='ocrx_word' id='word_1_182' title='bbox 1660 2344 1796 2438; x_wconf 73' lang='lat' dir='ltr'>Scalae,</span> 
     </span>
     <span class='ocr_line' id='line_1_21' title="bbox 445 2371 1619 2548; baseline 0 -29"><span class='ocrx_word' id='word_1_183' title='bbox 445 2371 519 2540; x_wconf 64' lang='lat' dir='ltr'>(ll</span> <span class='ocrx_word' id='word_1_184' title='bbox 531 2446 649 2544; x_wconf 87' lang='lat' dir='ltr'>primo</span> <span class='ocrx_word' id='word_1_185' title='bbox 658 2448 749 2546; x_wconf 91' lang='lat' dir='ltr'>Regi</span> <span class='ocrx_word' id='word_1_186' title='bbox 765 2472 894 2522; x_wconf 89' lang='lat' dir='ltr'>nomen</span> <span class='ocrx_word' id='word_1_187' title='bbox 912 2443 1029 2536; x_wconf 69' lang='lat' dir='ltr'>eram)</span> <span class='ocrx_word' id='word_1_188' title='bbox 1055 2450 1150 2548; x_wconf 89' lang='lat' dir='ltr'>regni</span> <span class='ocrx_word' id='word_1_189' title='bbox 1162 2449 1288 2540; x_wconf 73' lang='lat' dir='ltr'>jadura</span> <span class='ocrx_word' id='word_1_190' title='bbox 1301 2446 1468 2521; x_wconf 87' lang='lat' dir='ltr'>luendum</span> <span class='ocrx_word' id='word_1_191' title='bbox 1486 2443 1619 2519; x_wconf 84' lang='lat' dir='ltr'>habuit.</span> 
     </span>
     <span class='ocr_line' id='line_1_22' title="bbox 449 2534 1965 2643; baseline -0.003 -25"><span class='ocrx_word' id='word_1_192' title='bbox 449 2592 460 2609; x_wconf 86' lang='lat'><strong>·</strong></span> <span class='ocrx_word' id='word_1_193' title='bbox 549 2534 715 2618; x_wconf 74' lang='lat' dir='ltr'>suffectus</span> <span class='ocrx_word' id='word_1_194' title='bbox 731 2541 811 2643; x_wconf 77' lang='lat' dir='ltr'>ipsi,</span> <span class='ocrx_word' id='word_1_195' title='bbox 833 2540 891 2617; x_wconf 88' lang='lat' dir='ltr'>sed</span> <span class='ocrx_word' id='word_1_196' title='bbox 906 2548 1018 2618; x_wconf 87' lang='lat' dir='ltr'>aDeo</span> <span class='ocrx_word' id='word_1_197' title='bbox 1031 2546 1180 2627; x_wconf 84' lang='lat' dir='ltr'>iterum,</span> <span class='ocrx_word' id='word_1_198' title='bbox 1206 2546 1453 2618; x_wconf 74' lang='lat' dir='ltr'>interveniente</span> <span class='ocrx_word' id='word_1_199' title='bbox 1465 2545 1553 2617; x_wconf 84' lang='lat' dir='ltr'>vatio</span> <span class='ocrx_word' id='word_1_200' title='bbox 1564 2566 1692 2642; x_wconf 88' lang='lat' dir='ltr'>opera,</span> <span class='ocrx_word' id='word_1_201' title='bbox 1720 2544 1795 2619; x_wconf 80' lang='lat' dir='ltr'>Do·</span> <span class='ocrx_word' id='word_1_202' title='bbox 1823 2557 1965 2628; x_wconf 49' lang='lat' dir='ltr'>rsa.-</span> 
     </span>
     <span class='ocr_line' id='line_1_23' title="bbox 450 2634 1893 2738; baseline -0.001 -26"><span class='ocrx_word' id='word_1_203' title='bbox 450 2639 514 2720; x_wconf 72' lang='lat' dir='ltr'>ula</span> <span class='ocrx_word' id='word_1_204' title='bbox 530 2637 603 2726; x_wconf 68' lang='lat' dir='ltr'>esis</span> <span class='ocrx_word' id='word_1_205' title='bbox 627 2642 690 2737; x_wconf 89' lang='lat' dir='ltr'>qui</span> <span class='ocrx_word' id='word_1_206' title='bbox 707 2664 898 2717; x_wconf 86' lang='lat' dir='ltr'>reverenter</span> <span class='ocrx_word' id='word_1_207' title='bbox 912 2639 1103 2716; x_wconf 84' lang='lat' dir='ltr'>admodum</span> <span class='ocrx_word' id='word_1_208' title='bbox 1114 2643 1281 2717; x_wconf 86' lang='lat' dir='ltr'>Divinam</span> <span class='ocrx_word' id='word_1_209' title='bbox 1300 2641 1513 2734; x_wconf 71' lang='lat' dir='ltr'>Maiestatem</span> <span class='ocrx_word' id='word_1_210' title='bbox 1531 2640 1662 2723; x_wconf 89' lang='lat' dir='ltr'>coluit,</span> <span class='ocrx_word' id='word_1_211' title='bbox 1695 2634 1795 2738; x_wconf 88' lang='lat' dir='ltr'>quod</span> <span class='ocrx_word' id='word_1_212' title='bbox 1820 2651 1893 2703; x_wconf 67' lang='lat' dir='ltr'>xvi·</span> 
     </span>
     <span class='ocr_line' id='line_1_24' title="bbox 450 2733 1799 2852; baseline -0.004 -38"><span class='ocrx_word' id='word_1_213' title='bbox 450 2737 572 2814; x_wconf 80' lang='lat' dir='ltr'>omnia</span> <span class='ocrx_word' id='word_1_214' title='bbox 589 2739 729 2835; x_wconf 89' lang='lat' dir='ltr'>Regum</span> <span class='ocrx_word' id='word_1_215' title='bbox 747 2743 905 2814; x_wconf 86' lang='lat' dir='ltr'>omnium</span> <span class='ocrx_word' id='word_1_216' title='bbox 922 2735 1066 2838; x_wconf 83' lang='lat' dir='ltr'>superba</span> <span class='ocrx_word' id='word_1_217' title='bbox 1080 2740 1209 2839; x_wconf 86' lang='lat' dir='ltr'>palatia</span> <span class='ocrx_word' id='word_1_218' title='bbox 1226 2739 1287 2814; x_wconf 88' lang='lat' dir='ltr'>lon</span> <span class='ocrx_word' id='word_1_219' title='bbox 1312 2736 1424 2852; x_wconf 85' lang='lat' dir='ltr'>opost</span> <span class='ocrx_word' id='word_1_220' title='bbox 1439 2733 1474 2812; x_wconf 90' lang='lat' dir='ltr'>se</span> <span class='ocrx_word' id='word_1_221' title='bbox 1491 2736 1673 2811; x_wconf 85' lang='lat' dir='ltr'>intervallo</span> <span class='ocrx_word' id='word_1_222' title='bbox 1691 2734 1799 2810; x_wconf 86' lang='lat' dir='ltr'>relin-</span> 
     </span>
     <span class='ocr_line' id='line_1_25' title="bbox 449 2761 1797 3006; baseline -0.003 -98"><span class='ocrx_word' id='word_1_223' title='bbox 449 2853 587 3006; x_wconf 46' lang='grc' dir='ltr'><strong><em>ἔκηε.</em></strong></span> <span class='ocrx_word' id='word_1_224' title='bbox 637 2837 691 2908; x_wconf 83' lang='lat' dir='ltr'>Ex</span> <span class='ocrx_word' id='word_1_225' title='bbox 710 2836 858 2910; x_wconf 85' lang='lat' dir='ltr'>Davidis</span> <span class='ocrx_word' id='word_1_226' title='bbox 877 2835 978 2920; x_wconf 79' lang='lat' dir='ltr'>filiis,</span> <span class='ocrx_word' id='word_1_227' title='bbox 1005 2863 1096 2939; x_wconf 82' lang='lat' dir='ltr'>quos</span> <span class='ocrx_word' id='word_1_228' title='bbox 1106 2837 1237 2912; x_wconf 85' lang='lat' dir='ltr'>multos</span> <span class='ocrx_word' id='word_1_229' title='bbox 1246 2761 1541 2934; x_wconf 75' lang='lat' dir='ltr'>nobilissimosque</span> <span class='ocrx_word' id='word_1_230' title='bbox 1550 2831 1711 2917; x_wconf 88' lang='lat' dir='ltr'>habebat,</span> <span class='ocrx_word' id='word_1_231' title='bbox 1724 2854 1797 2906; x_wconf 91' lang='lat' dir='ltr'>non</span> 
     </span>
     <span class='ocr_line' id='line_1_26' title="bbox 488 2926 1959 3032; baseline 0.007 -30"><span class='ocrx_word' id='word_1_232' title='bbox 488 2929 592 3013; x_wconf 78' lang='lat' dir='ltr'>auid,</span> <span class='ocrx_word' id='word_1_233' title='bbox 615 2926 674 3003; x_wconf 90' lang='lat' dir='ltr'>sed</span> <span class='ocrx_word' id='word_1_234' title='bbox 692 2938 789 3008; x_wconf 86' lang='lat' dir='ltr'>Deus</span> <span class='ocrx_word' id='word_1_235' title='bbox 802 2934 927 3010; x_wconf 83' lang='lat' dir='ltr'>iterum</span> <span class='ocrx_word' id='word_1_236' title='bbox 946 2928 1163 3012; x_wconf 85' lang='lat' dir='ltr'>successorem</span> <span class='ocrx_word' id='word_1_237' title='bbox 1182 2935 1288 3032; x_wconf 88' lang='lat' dir='ltr'>elegit</span> <span class='ocrx_word' id='word_1_238' title='bbox 1306 2933 1523 3014; x_wconf 65' lang='lat' dir='ltr'>Mundam,</span> <span class='ocrx_word' id='word_1_239' title='bbox 1575 2933 1611 3004; x_wconf 80' lang='lat' dir='ltr'>ui</span> <span class='ocrx_word' id='word_1_240' title='bbox 1630 2930 1795 3004; x_wconf 58' lang='lat' dir='ltr'>meditaa</span> <span class='ocrx_word' id='word_1_241' title='bbox 1806 2945 1959 3014; x_wconf 74' lang='lat' dir='ltr'>nebron.</span> 
     </span>
     <span class='ocr_line' id='line_1_27' title="bbox 447 3022 1973 3128; baseline -0.009 -27"><span class='ocrx_word' id='word_1_242' title='bbox 447 3025 561 3110; x_wconf 73' lang='lat' dir='ltr'>Patrio</span> <span class='ocrx_word' id='word_1_243' title='bbox 581 3026 724 3104; x_wconf 80' lang='lat' dir='ltr'>feliciter</span> <span class='ocrx_word' id='word_1_244' title='bbox 742 3025 944 3115; x_wconf 79' lang='lat' dir='ltr'>exsecutus,</span> <span class='ocrx_word' id='word_1_245' title='bbox 972 3030 1234 3128; x_wconf 87' lang='lat' dir='ltr'>incomparabili</span> <span class='ocrx_word' id='word_1_246' title='bbox 1246 3029 1363 3104; x_wconf 76' lang='lat' dir='ltr'>umor</span> <span class='ocrx_word' id='word_1_247' title='bbox 1380 3029 1482 3110; x_wconf 82' lang='lat' dir='ltr'>aede,</span> <span class='ocrx_word' id='word_1_248' title='bbox 1509 3022 1532 3100; x_wconf 90' lang='lat' dir='ltr'>s</span> <span class='ocrx_word' id='word_1_249' title='bbox 1588 3026 1633 3098; x_wconf 91' lang='lat' dir='ltr'>ad</span> <span class='ocrx_word' id='word_1_250' title='bbox 1648 3026 1794 3097; x_wconf 84' lang='lat' dir='ltr'>formam</span> <span class='ocrx_word' id='word_1_251' title='bbox 1802 3035 1973 3100; x_wconf 65' lang='lat' dir='ltr'>urttttt.</span> 
     </span>
     <span class='ocr_line' id='line_1_28' title="bbox 447 3117 1794 3291; baseline -0.003 -95"><span class='ocrx_word' id='word_1_252' title='bbox 447 3121 495 3208; x_wconf 62' lang='lat' dir='ltr'>ab</span> <span class='ocrx_word' id='word_1_253' title='bbox 514 3117 591 3234; x_wconf 89' lang='lat' dir='ltr'>ipso</span> <span class='ocrx_word' id='word_1_254' title='bbox 601 3118 804 3291; x_wconf 69' lang='lat' dir='ltr'>descriptam</span> <span class='ocrx_word' id='word_1_255' title='bbox 813 3129 915 3209; x_wconf 88' lang='lat' dir='ltr'>Deo,</span> <span class='ocrx_word' id='word_1_256' title='bbox 941 3152 984 3202; x_wconf 90' lang='lat' dir='ltr'>ne</span> <span class='ocrx_word' id='word_1_257' title='bbox 1001 3126 1089 3222; x_wconf 89' lang='lat' dir='ltr'>quid</span> <span class='ocrx_word' id='word_1_258' title='bbox 1106 3126 1248 3198; x_wconf 85' lang='lat' dir='ltr'>humani</span> <span class='ocrx_word' id='word_1_259' title='bbox 1267 3121 1395 3231; x_wconf 77' lang='lat' dir='ltr'>consilii</span> <span class='ocrx_word' id='word_1_260' title='bbox 1407 3125 1538 3196; x_wconf 87' lang='lat' dir='ltr'>Divina</span> <span class='ocrx_word' id='word_1_261' title='bbox 1549 3129 1794 3219; x_wconf 78' lang='lat' dir='ltr'>corrumperet,</span> 
     </span>
     <span class='ocr_line' id='line_1_29' title="bbox 445 3217 1450 3322; baseline 0.001 -31"><span class='ocrx_word' id='word_1_262' title='bbox 445 3217 602 3322; x_wconf 78' lang='lat' dir='ltr'>gloriam</span> <span class='ocrx_word' id='word_1_263' title='bbox 615 3220 683 3291; x_wconf 87' lang='lat' dir='ltr'>Dei</span> <span class='ocrx_word' id='word_1_264' title='bbox 705 3245 717 3290; x_wconf 86' lang='grc' dir='ltr'>ι</span> <span class='ocrx_word' id='word_1_265' title='bbox 733 3217 894 3295; x_wconf 82' lang='lat' dir='ltr'>lustribus</span> <span class='ocrx_word' id='word_1_266' title='bbox 911 3224 947 3294; x_wconf 92' lang='lat' dir='ltr'>in</span> <span class='ocrx_word' id='word_1_267' title='bbox 966 3219 1086 3294; x_wconf 77' lang='lat' dir='ltr'>lsraele</span> <span class='ocrx_word' id='word_1_268' title='bbox 1107 3222 1325 3294; x_wconf 79' lang='lat' dir='ltr'>incrementis</span> <span class='ocrx_word' id='word_1_269' title='bbox 1340 3219 1450 3292; x_wconf 85' lang='lat' dir='ltr'>auxit.</span> 
     </span>
     <span class='ocr_line' id='line_1_30' title="bbox 549 3311 1798 3430; baseline 0.001 -45"><span class='ocrx_word' id='word_1_270' title='bbox 549 3316 704 3386; x_wconf 88' lang='lat' dir='ltr'>Tantum</span> <span class='ocrx_word' id='word_1_271' title='bbox 722 3311 840 3387; x_wconf 73' lang='lat' dir='ltr'>ivero</span> <span class='ocrx_word' id='word_1_272' title='bbox 856 3312 990 3430; x_wconf 85' lang='lat' dir='ltr'>repulsa</span> <span class='ocrx_word' id='word_1_273' title='bbox 1011 3339 1132 3388; x_wconf 87' lang='lat' dir='ltr'>eorum</span> <span class='ocrx_word' id='word_1_274' title='bbox 1152 3314 1275 3412; x_wconf 91' lang='lat' dir='ltr'>opinio</span> <span class='ocrx_word' id='word_1_275' title='bbox 1291 3311 1359 3397; x_wconf 84' lang='lat' dir='ltr'>eli,</span> <span class='ocrx_word' id='word_1_276' title='bbox 1386 3315 1449 3413; x_wconf 90' lang='lat' dir='ltr'>qui</span> <span class='ocrx_word' id='word_1_277' title='bbox 1462 3317 1625 3413; x_wconf 90' lang='lat' dir='ltr'>Regnum</span> <span class='ocrx_word' id='word_1_278' title='bbox 1643 3312 1712 3385; x_wconf 90' lang='lat' dir='ltr'>Dei</span> <span class='ocrx_word' id='word_1_279' title='bbox 1734 3331 1798 3386; x_wconf 83' lang='lat' dir='ltr'>ex·</span> 
     </span>
     <span class='ocr_line' id='line_1_31' title="bbox 444 3403 1797 3522; baseline -0.004 -36"><span class='ocrx_word' id='word_1_280' title='bbox 444 3429 603 3486; x_wconf 70' lang='lat' dir='ltr'>nemum</span> <span class='ocrx_word' id='word_1_281' title='bbox 622 3406 692 3515; x_wconf 84' lang='lat' dir='ltr'>iere</span> <span class='ocrx_word' id='word_1_282' title='bbox 711 3405 869 3509; x_wconf 88' lang='lat' dir='ltr'>spiritum</span> <span class='ocrx_word' id='word_1_283' title='bbox 888 3438 925 3487; x_wconf 86' lang='lat' dir='ltr'>rn</span> <span class='ocrx_word' id='word_1_284' title='bbox 942 3412 1129 3487; x_wconf 82' lang='lat' dir='ltr'>Salomone</span> <span class='ocrx_word' id='word_1_285' title='bbox 1151 3403 1271 3485; x_wconf 83' lang='lat' dir='ltr'>efflasse</span> <span class='ocrx_word' id='word_1_286' title='bbox 1289 3431 1464 3510; x_wconf 88' lang='lat' dir='ltr'>pugnant,</span> <span class='ocrx_word' id='word_1_287' title='bbox 1490 3434 1603 3508; x_wconf 91' lang='lat' dir='ltr'>quum</span> <span class='ocrx_word' id='word_1_288' title='bbox 1618 3431 1797 3522; x_wconf 76' lang='lat' dir='ltr'>nunquam</span> 
     </span>
     <span class='ocr_line' id='line_1_32' title="bbox 444 3498 1831 3705; baseline 0.001 -29"><span class='ocrx_word' id='word_1_289' title='bbox 444 3498 1961 3705; x_wconf 55' lang='lat' dir='ltr'>tutationemnonnulluunu‘nlltlotsr,em</span> 
     </span>
     <span class='ocr_line' id='line_1_33' title="bbox 444 3625 1957 3817; baseline 0.001 -44"><span class='ocrx_word' id='word_1_290' title='bbox 444 3625 683 3782; x_wconf 57' lang='lat' dir='ltr'>strenuiori</span> <span class='ocrx_word' id='word_1_291' title='bbox 699 3701 818 3778; x_wconf 90' lang='lat' dir='ltr'>intulit</span> <span class='ocrx_word' id='word_1_292' title='bbox 828 3704 1019 3787; x_wconf 85' lang='lat' dir='ltr'>Salomon,</span> <span class='ocrx_word' id='word_1_293' title='bbox 1044 3726 1213 3817; x_wconf 87' lang='lat' dir='ltr'>perpetuo</span> <span class='ocrx_word' id='word_1_294' title='bbox 1227 3702 1276 3776; x_wconf 90' lang='lat' dir='ltr'>ibi</span> <span class='ocrx_word' id='word_1_295' title='bbox 1324 3704 1518 3786; x_wconf 82' lang='lat' dir='ltr'>uicturam,</span> <span class='ocrx_word' id='word_1_296' title='bbox 1545 3725 1650 3802; x_wconf 87' lang='lat' dir='ltr'>quam</span> <span class='ocrx_word' id='word_1_297' title='bbox 1660 3695 1896 3784; x_wconf 75' lang='lat' dir='ltr'>Moser‚¹¹¹¹²</span> <span class='ocrx_word' id='word_1_298' title='bbox 1908 3689 1957 3762; x_wconf 72' lang='lat'>²³·</span> 
     </span>
     <span class='ocr_line' id='line_1_34' title="bbox 445 3788 1795 3900; baseline 0.001 -31"><span class='ocrx_word' id='word_1_299' title='bbox 445 3788 579 3900; x_wconf 77' lang='lat' dir='ltr'>Josua,</span> <span class='ocrx_word' id='word_1_300' title='bbox 606 3797 769 3900; x_wconf 83' lang='lat' dir='ltr'>Judiceo,</span> <span class='ocrx_word' id='word_1_301' title='bbox 795 3799 939 3884; x_wconf 74' lang='lat' dir='ltr'>Saulus,</span> <span class='ocrx_word' id='word_1_302' title='bbox 962 3802 1102 3886; x_wconf 79' lang='lat' dir='ltr'>David,</span> <span class='ocrx_word' id='word_1_303' title='bbox 1128 3803 1292 3876; x_wconf 89' lang='lat' dir='ltr'>itinerum</span> <span class='ocrx_word' id='word_1_304' title='bbox 1337 3799 1556 3899; x_wconf 85' lang='lat' dir='ltr'>ellurumque</span> <span class='ocrx_word' id='word_1_305' title='bbox 1575 3794 1715 3874; x_wconf 85' lang='lat' dir='ltr'>suorum</span> <span class='ocrx_word' id='word_1_306' title='bbox 1732 3821 1795 3871; x_wconf 89' lang='lat' dir='ltr'>co·</span> 
     </span>
     <span class='ocr_line' id='line_1_35' title="bbox 444 3889 1796 3998; baseline 0.002 -32"><span class='ocrx_word' id='word_1_307' title='bbox 444 3892 573 3982; x_wconf 71' lang='lat' dir='ltr'>mitem</span> <span class='ocrx_word' id='word_1_308' title='bbox 584 3889 795 3985; x_wconf 72' lang='lat' dir='ltr'>habuerant3</span> <span class='ocrx_word' id='word_1_309' title='bbox 819 3921 940 3972; x_wconf 85' lang='lat' dir='ltr'>verum</span> <span class='ocrx_word' id='word_1_310' title='bbox 955 3897 994 3974; x_wconf 89' lang='lat' dir='ltr'>id</span> <span class='ocrx_word' id='word_1_311' title='bbox 1011 3893 1124 3998; x_wconf 91' lang='lat' dir='ltr'>ipsum</span> <span class='ocrx_word' id='word_1_312' title='bbox 1139 3919 1310 3997; x_wconf 87' lang='lat' dir='ltr'>quantum</span> <span class='ocrx_word' id='word_1_313' title='bbox 1327 3896 1372 3972; x_wconf 87' lang='lat' dir='ltr'>ad</span> <span class='ocrx_word' id='word_1_314' title='bbox 1395 3893 1705 3972; x_wconf 81' lang='lat' dir='ltr'>commendandam</span> <span class='ocrx_word' id='word_1_315' title='bbox 1724 3895 1796 3969; x_wconf 89' lang='lat' dir='ltr'>Dei</span> 
     </span>
     <span class='ocr_line' id='line_1_36' title="bbox 444 3985 1796 4092; baseline -0.004 -22"><span class='ocrx_word' id='word_1_316' title='bbox 444 3985 666 4081; x_wconf 71' lang='lat' dir='ltr'>Maiestatem</span> <span class='ocrx_word' id='word_1_317' title='bbox 683 3995 885 4092; x_wconf 87' lang='lat' dir='ltr'>pertineret,</span> <span class='ocrx_word' id='word_1_318' title='bbox 911 3998 950 4070; x_wconf 73' lang='grc' dir='ltr'>δι</span> <span class='ocrx_word' id='word_1_319' title='bbox 965 3995 1085 4070; x_wconf 85' lang='lat' dir='ltr'>David</span> <span class='ocrx_word' id='word_1_320' title='bbox 1102 3996 1237 4079; x_wconf 88' lang='lat' dir='ltr'>innuit,</span> <span class='ocrx_word' id='word_1_321' title='bbox 1263 3995 1349 4068; x_wconf 89' lang='lat' dir='ltr'>dum</span> <span class='ocrx_word' id='word_1_322' title='bbox 1373 4016 1469 4068; x_wconf 87' lang='lat' dir='ltr'>tanta</span> <span class='ocrx_word' id='word_1_323' title='bbox 1488 3989 1718 4069; x_wconf 85' lang='lat' dir='ltr'>sollieitudine</span> <span class='ocrx_word' id='word_1_324' title='bbox 1737 3989 1796 4067; x_wconf 90' lang='lat' dir='ltr'>lo·</span> 
     </span>
     <span class='ocr_line' id='line_1_37' title="bbox 445 4085 1820 4192; baseline 0.004 -32"><span class='ocrx_word' id='word_1_325' title='bbox 445 4107 531 4168; x_wconf 70' lang='lat' dir='ltr'>orm</span> <span class='ocrx_word' id='word_1_326' title='bbox 548 4087 662 4186; x_wconf 85' lang='lat' dir='ltr'>quieti</span> <span class='ocrx_word' id='word_1_327' title='bbox 677 4114 764 4166; x_wconf 76' lang='lat' dir='ltr'>areae</span> <span class='ocrx_word' id='word_1_328' title='bbox 771 4090 938 4166; x_wconf 88' lang='lat' dir='ltr'>idoneum</span> <span class='ocrx_word' id='word_1_329' title='bbox 950 4094 1095 4192; x_wconf 67' lang='lat' dir='ltr'>querit,</span> <span class='ocrx_word' id='word_1_330' title='bbox 1122 4094 1335 4189; x_wconf 84' lang='lat' dir='ltr'>inventoque</span> <span class='ocrx_word' id='word_1_331' title='bbox 1352 4085 1529 4178; x_wconf 86' lang='lat' dir='ltr'>exsultat,</span> <span class='ocrx_word' id='word_1_332' title='bbox 1553 4087 1792 4192; x_wconf 74' lang='lat' dir='ltr'>proclamans:</span> <span class='ocrx_word' id='word_1_333' title='bbox 1818 4137 1820 4142; x_wconf 94' lang='lat'>·</span> 
     </span>
     <span class='ocr_line' id='line_1_38' title="bbox 446 4186 1981 4286; baseline -0.001 -24"><span class='ocrx_word' id='word_1_334' title='bbox 446 4205 576 4262; x_wconf 70' lang='lat' dir='ltr'>autor</span> <span class='ocrx_word' id='word_1_335' title='bbox 601 4187 780 4286; x_wconf 72' lang='lat' dir='ltr'>Juuorn,</span> <span class='ocrx_word' id='word_1_336' title='bbox 809 4213 1009 4264; x_wconf 77' lang='lat' dir='ltr'>nutrueuo</span> <span class='ocrx_word' id='word_1_337' title='bbox 1037 4214 1217 4284; x_wconf 75' lang='lat' dir='ltr'>taerarc</span> <span class='ocrx_word' id='word_1_338' title='bbox 1244 4213 1383 4272; x_wconf 78' lang='lat' dir='ltr'>nunu,</span> <span class='ocrx_word' id='word_1_339' title='bbox 1412 4213 1464 4262; x_wconf 86' lang='grc' dir='ltr'>τυ</span> <span class='ocrx_word' id='word_1_340' title='bbox 1491 4213 1540 4264; x_wconf 79' lang='grc' dir='ltr'>ιτ</span> <span class='ocrx_word' id='word_1_341' title='bbox 1561 4195 1674 4266; x_wconf 71' lang='lat' dir='ltr'>Aeco</span> <span class='ocrx_word' id='word_1_342' title='bbox 1693 4186 1981 4262; x_wconf 71' lang='lat' dir='ltr'>Fon-Plemut</span> 
     </span>
     <span class='ocr_line' id='line_1_39' title="bbox 443 4271 1895 4384; baseline -0.001 -26"><span class='ocrx_word' id='word_1_343' title='bbox 443 4301 564 4358; x_wconf 75' lang='lat' dir='ltr'>nauto</span> <span class='ocrx_word' id='word_1_344' title='bbox 591 4305 688 4361; x_wconf 79' lang='lat' dir='ltr'>nunt</span> <span class='ocrx_word' id='word_1_345' title='bbox 713 4287 860 4359; x_wconf 82' lang='lat' dir='ltr'>&amp;Deua</span> <span class='ocrx_word' id='word_1_346' title='bbox 878 4285 1197 4384; x_wconf 81' lang='lat' dir='ltr'>approbatdicenet</span> <span class='ocrx_word' id='word_1_347' title='bbox 1223 4290 1324 4361; x_wconf 65' lang='lat' dir='ltr'>Huc</span> <span class='ocrx_word' id='word_1_348' title='bbox 1350 4311 1422 4360; x_wconf 78' lang='lat' dir='ltr'>tor</span> <span class='ocrx_word' id='word_1_349' title='bbox 1451 4306 1788 4382; x_wconf 55' lang='lat' dir='ltr'>contruncarunt</span> <span class='ocrx_word' id='word_1_350' title='bbox 1862 4271 1895 4342; x_wconf 75' lang='lat'>8·</span> 
     </span>
    </p>
   </div>
   <div class='ocr_carea' id='block_1_5' title="bbox 442 4400 1906 4494">
    <p class='ocr_par' dir='ltr' id='par_1_6' title="bbox 442 4400 1906 4494">
     <span class='ocr_line' id='line_1_40' title="bbox 442 4400 1906 4494; baseline -0.004 -36"><span class='ocrx_word' id='word_1_351' title='bbox 442 4400 683 4471; x_wconf 67' lang='grc' dir='ltr'>ιτιικυι,</span> <span class='ocrx_word' id='word_1_352' title='bbox 709 4407 782 4460; x_wconf 80' lang='lat' dir='ltr'>nte</span> <span class='ocrx_word' id='word_1_353' title='bbox 807 4403 1094 4464; x_wconf 73' lang='lat' dir='ltr'>noturaeuuua</span> <span class='ocrx_word' id='word_1_354' title='bbox 1121 4409 1223 4468; x_wconf 76' lang='lat' dir='ltr'>auu,</span> <span class='ocrx_word' id='word_1_355' title='bbox 1252 4403 1351 4478; x_wconf 73' lang='lat' dir='ltr'>Qua</span> <span class='ocrx_word' id='word_1_356' title='bbox 1382 4407 1467 4462; x_wconf 82' lang='lat' dir='ltr'>noc·</span> <span class='ocrx_word' id='word_1_357' title='bbox 1492 4403 1789 4466; x_wconf 78' lang='lat' dir='ltr'>rrrrrtvreart.</span> <span class='ocrx_word' id='word_1_358' title='bbox 1858 4425 1906 4494; x_wconf 69' lang='lat'>,4</span> 
     </span>
    </p>
   </div>
   <div class='ocr_carea' id='block_1_6' title="bbox 1046 4473 1792 4586">
    <p class='ocr_par' dir='ltr' id='par_1_7' title="bbox 1046 4473 1792 4586">
     <span class='ocr_line' id='line_1_41' title="bbox 1046 4473 1792 4586; baseline -0.019 -2"><span class='ocrx_word' id='word_1_359' title='bbox 1046 4473 1359 4586; x_wconf 49' lang='lat' dir='ltr'>fferre}</span> <span class='ocrx_word' id='word_1_360' title='bbox 1654 4475 1792 4570; x_wconf 61' lang='lat' dir='ltr'>noun,</span> 
     </span>
    </p>
   </div>
   <div class='ocr_carea' id='block_1_7' title="bbox 0 0 2338 5442">
    <p class='ocr_par' dir='ltr' id='par_1_8' title="bbox 0 0 2338 5442">
     <span class='ocr_line' id='line_1_42' title="bbox 0 0 2338 5442; baseline 0 6"><span class='ocrx_word' id='word_1_361' title='bbox 0 0 2338 5442; x_wconf 95' lang='lat' dir='ltr'> </span> 
     </span>
    </p>
   </div>
  </div>
 </body>
</html>
