4667 5442
556 508 1423 629 anrsrnv1vrrs.111.
1636 523 1705 635 19
1924 542 2025 585 ι.

324 695 394 767 ritu
410 687 575 782 ferventes
594 742 605 770 ‚
624 691 772 781 ,Domino
797 684 989 775 servientes.
1041 683 1191 779 Spiritus
1213 676 1467 754 Christianismi
1501 686 1612 779 igneus
1644 677 1704 758 est.

352 785 397 862 es.
418 810 481 860 rv:
500 809 537 877 4.
563 792 655 859 Dan.
679 807 773 859 vu:
805 806 861 856 ιο.
889 780 980 853 Mal.
1010 801 1095 852 111:
1122 806 1156 853 2.
1181 782 1306 877 igneos
1331 803 1495 877 quoque,
1528 805 1618 879 quos
1636 782 1705 855 im·

327 792 428 968 buit,
456 884 557 966 facit,
577 907 727 982 purgans
748 876 901 952 ascoriis
924 881 1118 958 vitiorum,
1148 876 1287 949 elevans
1308 871 1443 949 sursum
1467 926 1478 960 ,
1506 878 1704 953 flammam

310 1008 399 1082 ·que
420 983 597 1063 excitans,
625 979 731 1051 nullis
749 1001 903 1073 unquam
921 977 1020 1071 aquis
1035 972 1306 1069 extinguendam
1324 1022 1334 1056 ,
1354 981 1457 1047 Cant.
1478 1001 1517 1049 v1
1532 1000 1566 1049 ιι
1588 1004 1596 1049 ε
1612 980 1646 1057 6,
1664 995 1700 1060 7.

329 1078 585 1157 Attendamus,
614 1100 653 1149 ut
672 1075 791 1160 adflent
809 1070 927 1153 Christo
949 1100 960 1144 .·
986 1074 1024 1144 &
1049 1066 1108 1167 ipsr
1124 1094 1270 1166 quoque
1287 1074 1496 1169 praecipuam
1510 1072 1702 1146 beatitudi-

331 1180 385 1248 nis
405 1173 525 1247 nostrae
541 1195 673 1273 partem
696 1174 733 1243 in
754 1196 796 1242 eo
813 1165 910 1241 sitam
936 1164 999 1239 esse
1023 1169 1258 1249 arbitremur,
1288 1170 1387 1263 quod
1408 1195 1517 1267 prope
1545 1172 1575 1242 ei
1599 1171 1702 1246 liceat

331 1264 461 1353 adesse,
481 1266 533 1344 Ple
551 1292 689 1344 rxxru
707 1296 717 1342 ι
733 1276 794 1347 28.
848 1264 1096 1339 Adhaereamus
1120 1266 1150 1335 ei
1183 1259 1418 1359 desperasset,
1445 1291 1476 1339 1.
1497 1272 1583 1341 Cor.
1606 1291 1696 1344 vri:

337 1387 394 1461 35.
422 1371 496 1438 nu.
516 1392 583 1439 x1:
599 1389 657 1457 23.
683 1368 813 1438 iteratis
836 1363 1030 1460 frequenter
1050 1362 1187 1432 devotae
1202 1361 1342 1456 pietatis
1354 1365 1547 1446 exercitiis,
1575 1367 1609 1437 de
1621 1389 1700 1465 pra..

331 1469 371 1540 xi
382 1463 593 1537 exastiffimae
603 1460 806 1544 sanctitatis,
821 1460 907 1561 Job.
918 1484 1012 1534 xxrr
1028 1486 1039 1533 e
1056 1484 1117 1534 21.
1173 1454 1412 1530 Observemus
1427 1463 1463 1531 ὃ(
1476 1463 1544 1534 alar
1561 1487 1697 1545 eorum,

331 1566 371 1636 δι
389 1586 433 1634 ex
454 1562 497 1632 iis
511 1556 709 1639 discamus,
737 1565 766 1631 Ι.
788 1564 874 1630 Νοη
894 1557 992 1629 aliter
1017 1561 1097 1627 Deo
1115 1554 1331 1652 Christoque
1357 1552 1508 1629 adfislere
1533 1557 1593 1633 rifi
1617 1584 1698 1633 cum

303 1690 305 1700 ·
325 1654 475 1752 subm‘ffa
490 1660 692 1730 veneratione
713 1684 724 1727 ε
749 1679 863 1751 neque
875 1654 955 1751 plus
977 1651 1225 1749 inquirendum
1246 1652 1291 1723 de
1315 1655 1356 1724 iis
1376 1649 1436 1724 esse
1457 1680 1561 1751 quam
1580 1682 1640 1755 par
1659 1650 1699 1729 fic

334 1779 441 1852 atque
470 1752 645 1863 expediat.
697 1752 733 1825 si
765 1752 857 1823 enim
889 1749 1016 1848 Angeli
1051 1748 1264 1839 majestatem
1292 1754 1358 1822 Dei
1386 1751 1469 1822 serre
1496 1775 1698 1850 nequeunt,

334 1863 464 1952 quanta
483 1872 545 1923 erit
567 1849 750 1922 hominum
776 1849 984 1929 temeritas,
1019 1842 1044 1917 s1
1068 1843 1226 1943 eousque
1254 1872 1474 1945 perrumpere
1502 1848 1701 1922 conerturss

335 1959 381 2026 ll.
403 1949 522 2043 Tegere
536 1951 631 2043 pedes
646 1948 684 2019 &
703 1946 853 2018 essiones
878 1942 1035 2018 nostras:
1063 1968 1135 2016 non
1159 1967 1240 2016 cum
1261 1942 1436 2018 Pharisaeis
1462 1946 1553 2019 b'ona
1578 1972 1699 2044 opera,
1807 1964 1811 1978 ’

335 2046 464 2121 nedum
484 2046 629 2127 merita,
655 2045 840 2135 jastantes3
866 2037 926 2113 sed
946 2041 1175 2122 desesluum,
1204 2042 1267 2137 qui
1293 2043 1425 2139 optime
1450 2044 1586 2116 anobis
1607 2043 1700 2142 gesle

337 2143 542 2242 inquinant,
571 2166 650 2214 cum
670 2143 802 2239 pudore
822 2135 963 2214 conscii.
1013 2145 1077 2222 111.
1107 2138 1335 2235 Voserequam
1355 2137 1516 2232 oeyffime‚
1539 2143 1701 2237 quoties-

335 2261 473 2337 cunque
493 2237 629 2336 aliquid
644 2240 680 2311 in
696 2240 764 2310 Dei
783 2235 974 2309 ministerio
994 2235 1189 2308 faciendum
1203 2233 1269 2317 est,
1292 2231 1360 2334 Jes.
1375 2262 1445 2310 xe:
1469 2258 1526 2327 31.
1577 2239 1701 2311 Imite-

335 2362 413 2411 mur
430 2331 535 2407 etian
554 2334 833 2425 jucundiffimum
851 2358 973 2406 eorum
993 2336 1028 2405 in
1051 2356 1221 2406 concentu
1241 2333 1611 2406 Divinarumlaudum
1629 2360 1707 2409 con-⁴

329 2434 462 2526 fasten.
518 2433 599 2506 Hoc
624 2431 671 2506 est
690 2426 890 2504 sacrificium
913 2431 1058 2512 laudis,
1088 2424 1289 2502 sacrificium
1314 2428 1406 2503 illud
1431 2432 1572 2504 unicum
1597 2431 1699 2530 quod

338 2551 524 2604 commune
544 2526 592 2601 est
605 2529 747 2627 Angelis
762 2552 799 2600 ac
816 2530 883 2625 piis
897 2526 1122 2608 hominibus,
1148 2532 1263 2625 Apoc.
1285 2551 1348 2600 rvr
1373 2535 1415 2609 8,
1432 2552 1468 2621 9.
1495 2523 1698 2605 sacrificium

337 2631 419 2725 juge
435 2627 473 2696 δε
492 2619 764 2720 sempiternum,
798 2649 873 2720 quo
899 2624 986 2697 nibil
1009 2650 1029 2696 a
1051 2624 1153 2697 nobis
1173 2618 1286 2697 offerri
1315 2623 1426 2724 potest
1447 2628 1526 2696 Deo
1548 2626 1695 2724 gratius,

337 2727 377 2796 δι
392 2717 563 2811 Majestati
577 2722 649 2809 ejus
662 2723 947 2805 convenientius,
978 2726 1088 2806 modo
1104 2718 1162 2793 fiat
1178 2723 1214 2793 in
1234 2717 1355 2820 spiritu
1373 2724 1409 2795 δι
1422 2723 1574 2795 veritate.
1626 2720 1697 2795 Sed

337 2823 376 2895 &
394 2815 533 2891 accedat
544 2817 641 2890 zelus
660 2843 706 2890 ex
725 2818 964 2893 ardentissimae
979 2820 1129 2891 caritatis
1148 2816 1370 2892 vehementia
1389 2846 1401 2907 3
1424 2819 1700 2895 elasnorexexu·

337 2916 492 2989 berantia
513 2916 652 2988 amoris.
703 2903 832 3013 Neque
851 2940 1005 3013 unquam
1025 2916 1215 2989 clamemus
1233 2916 1317 2989 alter
1331 2937 1443 2991 contra
1460 2918 1619 3001 alterum,
1640 2919 1697 2991 i'n-

339 3011 490 3089 conditis
509 3009 812 3085 vociferationibus
826 3013 1018 3111 jurgiorum
1036 3016 1074 3086 dc
1095 3016 1354 3096 convitiorum,
1381 3039 1442 3114 per
1457 3037 1536 3112 quae
1549 3010 1697 3088 fieretur

337 3110 444 3186 nostri
476 3101 582 3181 caulla
610 3134 739 3183 nomen
766 3112 834 3182 Dei
861 3108 1164 3210 blasphemaretur.
1220 3106 1486 3184 Consideremus
1507 3108 1695 3211 Jehovam'.

296 3291 302 3305 ,
340 3210 394 3282 uti
412 3212 528 3279 Deum
545 3210 763 3289 exercituum,
787 3210 843 3278 cui
857 3233 921 3280 nos
941 3233 1087 3306 quoque
1109 3212 1143 3279 in
1165 3204 1224 3280 sua
1238 3203 1362 3304 singuli
1386 3206 1528 3279 statione
1546 3205 1697 3279 militare

339 3304 542 3383 debemus,
571 3306 682 3401 Apoc.
707 3327 800 3376 x11:
820 3325 855 3385 7.
881 3329 978 3376 xix:
1005 3326 1062 3393 14.
1081 3307 1119 3373 &
1141 3306 1193 3373 uti
1212 3307 1419 3375 ordinatorem
1440 3307 1633 3390 temporum,
1658 3302 1698 3376 iu

341 3402 442 3475 omni
463 3420 585 3469 eorum
604 3401 795 3471 mutatione
814 3398 1075 3479 ostendentem,
1112 3419 1185 3471 tam
1203 3394 1396 3495 supremam
1418 3392 1514 3469 suam
1534 3396 1697 3497 nullique

339 3496 535 3573 obnoxiam
551 3492 765 3590 potestatem,
785 3518 892 3592 quam
904 3490 1107 3570 immensam
1125 3491 1326 3594 sapientiam
1342 3518 1380 3565 ac
1393 3492 1597 3578 bonitatem,
1616 3499 1694 3573 Ae.

345 3615 439 3679 127·
491 3591 696 3666 Senem
707 3593 798 3676 Dei,
827 3594 927 3666 unice
944 3591 1046 3665 nobis
1057 3591 1295 3691 diligendam,
1322 3590 1417 3663 omni
1439 3589 1543 3663 laude
1567 3615 1698 3667 conce·

341 3693 541 3773 lebremus,
555 3684 610 3763 Ps.
627 3714 722 3763 root:
739 3706 773 3780 ς.
786 3690 831 3763 ad
841 3689 1009 3786 illiusque
1024 3715 1089 3762 nos
1101 3709 1352 3786 componamus
1361 3686 1552 3786 exemplar.
1569 3693 1696 3787 Agno⁴

343 3789 476 3866 scamus
494 3811 692 3885 temporum
705 3786 896 3862 nostrorum
911 3788 1132 3869 felicitatem,
1159 3783 1288 3883 quibus
1301 3802 1400 3858 totam
1415 3783 1694 3881 terronimplevie
1796 3802 1802 3814 ’

337 3888 448 3988 gloria
468 3883 624 3986 Jehovae.
675 3890 760 3957 Non
785 3884 832 3959 est
848 3910 938 3956 nunc
963 3878 1118 3967 necesse,
1145 3905 1185 3954 ut
1205 3876 1487 3980 Hierosolymam
1506 3876 1693 3955 adscenda‘·

344 4009 455 4066 mus,
482 3981 530 4054 ibi
546 3979 689 4053 demum
705 3980 856 4080 gloriam
866 3982 936 4052 Dei
955 3975 1070 4056 visuri.
1120 3985 1279 4078 Ruptum
1297 3979 1417 4051 velum
1436 3975 1501 4062 est,
1529 3973 1692 4093 splendor
1751 3975 1756 3983 ⁸

344 4081 462 4154 ubivis
484 4080 598 4152 micat.
649 4078 690 4150 ld
706 4074 941 4151 solummodo
961 4100 1102 4173 operam
1125 4078 1268 4158 demus,
1296 4098 1336 4148 ut
1357 4076 1395 4149 δι
1421 4076 1455 4149 in
1475 4075 1577 4149 nobrs
1593 4075 1693 4148 Deu'e

346 4172 520 4289 gloriosus
535 4178 573 4248 dc
584 4173 795 4249 admirabilis
806 4196 987 4272 appaream
1010 4197 1053 4246 ne
1071 4196 1213 4274 cogatur
1231 4192 1355 4247 terram
1372 4196 1517 4272 quoque
1544 4171 1694 4251 nostram

352 4274 497 4372 implere
514 4272 626 4372 gloria
643 4272 778 4364 justitiae
798 4268 877 4346 suae.
991 4303 997 4313 ·
1702 4326 1803 4391 xxm
1830 4324 1860 4384 n

447 4374 586 4444 xxm.
613 4372 704 4442 Tam
723 4367 908 4443 luculentae
926 4388 1030 4442 tantae
1045 4365 1167 4468 gloria
1190 4364 1472 4444 demonstrationi
1485 4362 1693 4480 respondent
1698 4368 1813 4481 μω
1822 4344 1874 4461 α’

349 4468 484 4584 gemini
502 4490 718 4554 errectos,
745 4465 831 4542 alter
846 4467 885 4541 in
901 4488 938 4542 re
956 4460 1054 4540 sensu
1077 4489 1117 4541 ac
1133 4469 1265 4580 ratione
1278 4488 1437 4557 carente,
1464 4464 1550 4544 alter
1569 4490 1605 4537 m
1620 4485 1791 4538 cre-vocem
1804 4484 1861 4537 ιιι.
1980 4481 1984 4488 ’

999 4566 1036 4638 C
1057 4586 1084 4642 a
1406 4637 1410 4646 ,
1597 4579 1693 4637 anua
1705 4575 1826 4645 mere,

1702 4647 1845 4695 ceum.
