4667 5442
647 466 904 581 θένω-Α
938 485 1202 602 Jonruurs
1244 486 1528 583 Barrrsrru
1687 491 1780 615 381

438 642 591 759 ipsarum
609 647 697 724 nbis
724 649 864 727 baberet
884 654 983 751 quod
998 641 1279 751 reprehenderet,
1309 653 1405 726 facile
1424 658 1457 726 in
1478 679 1551 725 eam
1565 647 1788 751 suspicionem

441 770 490 820 ex
510 767 631 913 neqata
653 743 775 821 sobole
794 749 937 832 incidit,
964 749 1124 822 latentem
1146 750 1299 847 aliquam
1322 751 1456 847 culpam
1477 748 1615 823 baerere.
1671 756 1790 822 Caete·

439 867 522 917 rum
540 845 552 914 i
593 846 763 942 praecipue
784 845 893 918 nostra
914 872 1003 918 nunc
1019 841 1252 919 observatione
1273 847 1417 944 dignum
1428 840 1489 916 esse
1505 845 1660 927 videtur,
1688 844 1787 943 quod

441 939 632 1036 aliquoties
652 945 750 1013 Deus
771 967 813 1013 ex
833 945 1028 1039 parentibus
1050 966 1167 1015 natura
1186 965 1288 1040 atque
1309 966 1408 1016 aetate
1430 940 1599 1013 sterilibus
1627 966 1685 1013 eos
1698 937 1787 1014 nasci

441 1035 613 1118 voluerit,
642 1061 733 1133 quos
753 1040 788 1109 in
810 1040 958 1110 eximios
977 1039 1127 1119 Meffiae,
1156 1064 1200 1112 cx
1220 1043 1272 1111 vir
1299 1043 1351 1111 ine
1372 1037 1570 1134 prodituri,
1598 1058 1701 1132 typos
1725 1036 1789 1107 de-

441 1129 632 1206 stinaverat.
684 1135 799 1222 Hujus
813 1138 904 1216 enim
924 1137 992 1215 rei,
1021 1159 1131 1230 quum
1151 1161 1221 1207 non
1238 1063 1298 1208 nisi
1317 1138 1456 1206 unicum
1474 1135 1508 1205 in
1530 1132 1665 1208 Christo
1682 1131 1790 1204 debe·

440 1250 496 1302 tet
515 1224 577 1300 esse
594 1228 793 1326 exemplum
818 1276 828 1311 ,
863 1235 924 1304 vix
945 1229 1069 1302 melior
1097 1233 1240 1329 cogitari
1265 1231 1375 1329 potest
1390 1226 1643 1328 praefiguratio,
1707 1253 1786 1301 uam

434 1326 602 1398 'nativitas
623 1350 667 1399 ex
685 1325 881 1422 parentlbus
901 1324 1068 1400 sterilibus
1086 1329 1123 1397 &
1141 1322 1275 1402 effoetis.
1327 1334 1479 1400 Noretur
1495 1325 1584 1398 illud
1600 1328 1636 1400 in
1657 1253 1783 1406 isaaco,

440 1417 617 1503 Simsone,
646 1419 827 1504 Samuele,
856 1423 1040 1518 nostroque
1059 1422 1227 1519 Jobanne.

541 1521 639 1593 Xlll.
691 1528 741 1589 At
759 1542 927 1613 quantum
945 1517 1103 1590 humanis
1113 1520 1241 1591 Divina
1259 1515 1346 1615 saepe
1371 1517 1492 1593 distant
1510 1517 1670 1594 consilia!
1696 1525 1873 1599 Om·xl11.
1901 1530 1966 1591 Nou

440 1638 526 1688 nem
549 1610 768 1712 suscipiendae
789 1615 896 1710 prolis
916 1612 1009 1713 spem
1026 1613 1159 1685 dudum
1179 1618 1295 1687 animo
1313 1640 1451 1688 exuerat
1471 1616 1663 1689 Zacharias.
1715 1607 1964 1705 ve-anmqqsed

441 1735 522 1783 rum
546 1712 620 1785 vice
637 1708 694 1781 sua
706 1707 803 1781 sacris
815 1711 988 1807 operanti,
1016 1710 1196 1806 inopinato
1215 1712 1515 1809 apparetAngelus
1535 1712 1697 1795 Gabriel,
1724 1712 1785 1809 pio
1795 1687 1933 1840 mm]

440 1801 538 1889 seni,
564 1828 685 1904 praeter
708 1801 1012 1902 exspestationem,
1041 1808 1078 1877 δι
1099 1802 1198 1905 supra
1218 1811 1335 1889 vora,
1350 1808 1515 1881 mirabilis
1536 1806 1597 1880 filii
1626 1786 1965 1898 natium-mgna,

440 1922 516 1975 tem
536 1897 769 2001 promissurus.
822 1904 956 1976 Accidit
974 1902 1030 1983 id,
1060 1926 1120 1997 quo
1148 1920 1286 1997 tempore
1305 1902 1471 1993 suendum
1498 1909 1597 1978 ritum
1616 1902 1940 2000 firnslionr'sriaefectr,

433 1998 640 2090 sacerdotalia
654 1997 788 2088 fhrritnr
803 1995 916 2089 ficerat
925 1995 1061 2089 firffitum
1077 1997 1223 2091 faciendi
1241 2025 1371 2081 munuc,
1398 2005 1441 2075 d*
1467 1999 1613 2097 ingressas
1649 2021 1718 2075 erat
1751 2003 1843 2074 inm
1856 1989 1962 2062 ansan-

442 2096 594 2191 templum
616 2098 760 2173 Domini,
809 2091 951 2194 Julserat
975 2100 1071 2167 Deus
1094 2121 1138 2168 ex
1159 2100 1259 2169 variis
1282 2100 1491 2169 aromatibus
1520 2065 1947 2211 fragrantissimum&

440 2186 592 2267 suffitum
616 2189 734 2266 confici
753 2194 866 2265 Exod'.
889 2219 982 2265 xror:
1001 2213 1057 2284 34.
1085 2194 1148 2265 rite
1174 2189 1233 2265 fibi
1253 2193 1486 2265 adolendum:
1504 2192 1600 2283 semel
1624 2198 1931 2294 quotannisr,s„rz„

441 2292 479 2362 in
499 2286 639 2362 sacrario
666 2290 812 2370 intimo,
841 2315 900 2385 per
911 2290 1126 2361 Sacerdotem
1139 2296 1343 2369 Summum,
1371 2290 1530 2372 illiusve,
1558 2286 1711 2388 fipollui
1729 2294 1785 2389 ip-

437 2382 517 2461 sum
539 2386 776 2482 contingeret,
803 2387 994 2469 vicarium,
1019 2383 1123 2482 bisque
1147 2385 1305 2483 quotidie,
1338 2388 1373 2458 in
1410 2382 1552 2460 sacrario
1582 2389 1784 2470 exteriore,

437 2478 545 2557 semel
563 2506 685 2576 mane,
711 2476 910 2578 vesperique
932 2477 1058 2562 semel,
1085 2508 1146 2579 per
1155 2482 1373 2555 Sacerdotem
1384 2478 1471 2556 sorte
1491 2484 1673 2557 delestum.
1725 2482 1783 2557 Ad

437 2578 679 2678 quotidianam
697 2573 925 2658 suffitionem,
953 2574 977 2648 sr
1002 2602 1070 2676 qua
1090 2574 1129 2650 stt
1145 2579 1276 2677 Judaeis
1293 2575 1396 2661 fides,
1425 2602 1492 2653 tres
1512 2579 1657 2652 adhibiti
1689 2578 1783 2654 fuere

437 2675 653 2751 Sacerdotes.
702 2676 817 2748 Primo
832 2674 869 2744 id
885 2676 1018 2771 negotii
1038 2675 1156 2747 datum
1172 2675 1302 2756 serunt,
1331 2699 1370 2748 ut
1386 2676 1514 2749 cineres
1526 2703 1591 2749 arae
1608 2678 1782 2758 inauratae,

435 2774 475 2847 in
496 2768 681 2845 sanctuario
700 2766 816 2867 posttae
827 2818 837 2851 ,
867 2773 900 2841 in
920 2796 1060 2843 aureum
1077 2771 1258 2867 quoddam
1276 2796 1335 2843 vas
1356 2786 1564 2871 congereret.
1616 2770 1727 2845 Alteri
1746 2794 1786 2845 ut

436 2869 620 2946 candentes
642 2892 789 2965 prunas,
818 2891 937 2940 exara
961 2869 1144 2940 vistimaria
1160 2871 1305 2965 petitas,
1334 2871 1370 2939 δι
1394 2867 1515 2942 batillo
1533 2868 1669 2942 cuidam
1696 2869 1790 2942 indi·

438 2988 515 3049 tas,
542 2989 609 3037 arae
628 2963 976 3037 aurataeadmoveret.
1032 2965 1170 3056 Quibus
1188 2965 1326 3036 duobus
1346 2960 1624 3065 sanuoegreffis,
1652 2968 1788 3050 tertius,
1855 3001 1857 3006 ·
1896 3022 1899 3027 -

434 3062 510 3155 jam
530 3087 594 3134 arae
607 3058 758 3140 adstans,
786 3086 805 3132 a
824 3056 963 3133 Praesrde
984 3062 1067 3134 soris
1088 3060 1191 3133 stante
1215 3063 1389 3143 monitus,
1416 3058 1566 3135 suffitum
1586 3088 1603 3131 e
1629 3060 1791 3134 thuribu-

434 3158 477 3235 lo
501 3182 604 3230 manu
620 3152 769 3230 sumtum
788 3159 823 3228 in
844 3182 909 3229 arae
935 3158 1052 3231 focum
1073 3158 1290 3255 porriciebat.
1342 3163 1425 3247 Quo
1444 3158 1529 3230 salto
1565 3160 1601 3228 &
1622 3153 1692 3254 ipse
1712 3157 1791 3227 exi·

436 3254 501 3329 bat
518 3253 665 3352 templo.
718 3261 769 3325 lta
790 3276 926 3334 tamen,
954 3278 992 3325 ur
1013 3257 1107 3350 prius
1134 3278 1276 3348 corpore
1312 3250 1425 3325 versus
1454 3256 1615 3325 intimum
1642 3252 1788 3350 adytum

437 3348 574 3427 summa
595 3375 674 3422 cum
692 3344 881 3422 reverentia
904 3351 1093 3431 inclinato,
1121 3350 1191 3420 Dei
1219 3373 1345 3442 nomen
1373 3348 1540 3422 adoraret.
1602 3348 1694 3420 Vide
1723 3352 1788 3421 Ou-

433 3466 576 3525 eramum
588 3451 627 3519 de
642 3441 792 3533 -Sacrr'fio
810 3443 866 3522 lib.
894 3472 927 3523 1,
938 3467 1005 3543 cap.
1027 3469 1137 3520 v111.

537 3547 640 3617 XIV.
691 3546 740 3614 Ea
761 3566 851 3616 nunc
867 3546 1043 3642 provincia
1069 3540 1243 3615 Zachariae
1270 3537 1426 3640 obtigisse
1456 3542 1615 3615 videtur:
1650 3546 1686 3616 &
1706 3544 1873 3638 qui-inv.
1895 3546 1934 3610 Ue

435 3642 521 3716 dem
535 3639 641 3731 sortes
681 3645 771 3727 Quae
790 3641 838 3711 ita
855 3640 1080 3739 intelligenda
1096 3636 1175 3710 sunt
1182 3685 1194 3720 ,
1221 3664 1296 3711 non
1307 3660 1346 3710 ut
1354 3637 1424 3711 sors
1435 3634 1611 3735 respiceret
1622 3630 1931 3711 familiamartsaeriu

434 3736 508 3813 five
527 3730 678 3810 Classem
699 3734 797 3809 alteri
813 3732 1048 3820 successuram,
1078 3732 1147 3827 (de
1171 3759 1213 3805 eo
1236 3737 1326 3808 enim
1349 3738 1417 3825 jam
1443 3758 1512 3808 erat
1535 3731 1753 3808 constitutum
1770 3706 1965 3853 lssoss‘tfffffin

434 3831 498 3911 sed
517 3833 717 3908 Sacerdotes
731 3827 893 3927 cujusque
909 3831 1078 3916 familiae,
1099 3855 1137 3905 ut
1162 3826 1283 3931 singuli
1294 3830 1436 3913 scirent,
1465 3856 1624 3929 quaenam
1640 3828 1699 3904 srbi
1733 3801 1945 3928 ar·.,·„‚',asa

434 3953 491 4006 tes
509 3929 623 4005 forent
637 3928 863 4003 demandatae.
916 3932 1045 4002 Omnia
1067 3930 1158 4001 enim
1189 3931 1225 4000 in
1245 3928 1435 4001 ministerio
1462 3928 1668 4024 quotidiano
1697 3858 1923 4001 drreaeteuue·

436 4026 617 4103 distributa
635 4022 730 4106 sunt,
759 4047 834 4097 tum
851 4026 1114 4107 Sacerdotibus,
1143 4046 1220 4098 tum
1239 4027 1401 4098 Levitis:
1438 4025 1517 4122 quis
1546 4022 1788 4099 holocaustum

436 4119 594 4206 offerret,
623 4122 702 4219 quis
719 4118 880 4218 pacifica,
909 4125 988 4219 quis
1006 4148 1125 4204 mane,
1153 4125 1233 4220 quis
1251 4118 1409 4219 vesperi,
1437 4122 1516 4217 quis
1527 4115 1723 4195 sacrificium
1733 4122 1790 4209 ju·

434 4223 594 4322 gularet,
622 4220 702 4318 quis
717 4219 916 4317 sanguinem
929 4213 1133 4301 effunderet,
1149 4218 1558 4387 quisalrareexcineraret
1569 4263 1581 4299 ,
1606 4220 1685 4316 quis
1694 4214 1788 4289 suffi-

433 4342 515 4392 tum
536 4316 672 4389 laceret.
721 4315 896 4405 Quodilli
912 4318 1127 4413 praecaeteris
1172 4337 1245 4387 orte
1271 4313 1566 4412 experiebantur,
1592 4317 1673 4424 ‘qui
1698 4337 1790 4385 nun-

433 4438 548 4514 quam
559 4410 752 4514 thymiama
762 4411 980 4505 obtuleran13
1004 4411 1288 4587 uterssclbussleretut
1304 4436 1424 4523 nemo.
1471 4410 1668 4513 Dequrbus
1685 4409 1789 4580 roeppq

1193 4529 1212 4603 3
1651 4532 1691 4606 91
