4667 5442
545 466 616 589 -ῶ
788 485 1632 581 Exructrnrroib

535 641 688 736 sitisset,
717 647 849 730 summe
863 657 975 731 affliui
993 660 1029 729 dc
1047 654 1249 754 perturbati.
1301 658 1477 729 Hactenus
1490 660 1640 729 Bmerur.
1689 655 1913 752 Temperare

554 753 642 825 mihi
657 778 726 823 non
749 748 907 851 possum,
935 756 1021 851 quin
1032 750 1193 848 profitear
1213 751 1434 825 vehementer
1446 778 1503 824 me
1528 752 1729 824 lectione&
1754 747 1915 849 exscrip-

555 852 650 922 tione
662 848 788 922 borum
803 851 986 924 verborum
1005 847 1159 923 assesium
1181 843 1286 922 fuisse.
1337 847 1438 922 Adeo
1454 845 1541 920 mihi
1557 850 1610 921 vir
1630 844 1763 920 sanctus
1783 848 1822 919 in
1837 850 1914 938 ani·-¹

556 963 655 1019 mum
668 945 823 1043 Apostoli
842 948 979 1020 videtur
993 940 1175 1045 penetrasse
1193 993 1204 1027 ,
1232 949 1269 1018 &
1284 940 1379 1043 quasi
1398 940 1530 1055 sensum
1546 943 1698 1055 aliquem
1709 938 1913 1053 flagrantis·

546 1037 672 1138 simae,
692 1047 746 1123 dc,
772 1066 811 1114 ut
831 1049 962 1142 optime
985 1046 1054 1124 ait,
1077 1041 1262 1138 portentosa
1283 1042 1377 1115 illius
1406 1039 1577 1113 charitatis
1604 1066 1641 1112 rn
1669 1034 1911 1125 sehabursse,

556 1164 664 1307 quii
682 1135 939 1307 {brissiis
956 1130 1827 1322 ssssssssffisfsjss“sarissassssssssssss‘
1840 1161 1914 1306 {1¹33}

557 1262 713 1430 iiiprobo
734 1328 809 1403 sane
829 1355 909 1428 quae
937 1330 979 1401 de
1012 1332 1185 1429 praeterito
1212 1330 1411 1499 inppersesto
1437 1323 1572 1408 notat,
1598 1327 1647 1399 ob
1662 1280 1717 1399 ⁹ea
1746 1353 1838 1429 quae
1869 1334 1913 1415 Ι.

545 1452 668 1501 ·xx1v.
695 1422 895 1517 dictasunt)
922 1424 1094 1525 persuasus
1109 1450 1224 1500 tamen
1254 1451 1337 1509 um,
1364 1418 1765 1497 nonesseillosidoneos
1784 1424 1914 1501 harum

483 1604 496 1620 ,
557 1549 669 1598 rerum
690 1523 930 1598 aestimatores:
958 1526 1021 1621 qui
1041 1524 1267 1620 cogitationes
1280 1519 1355 1595 suas
1372 1522 1477 1619 longe
1491 1511 1597 1618 'supra
1610 1517 1707 1593 illius
1724 1545 1814 1618 quae
1834 1522 1916 1635 pse·

557 1645 705 1716 rumque
721 1619 858 1690 obtinet
876 1622 914 1691 δι
931 1620 1066 1692 laudari
1082 1619 1169 1693 solet
1184 1617 1356 1692 charitatis
1385 1641 1543 1717 teporem
1568 1615 1736 1690 extollere
1763 1643 1843 1692 non
1861 1619 1916 1692 dr·

557 1718 724 1790 dicerunt.
776 1718 811 1787 Si
830 1717 1195 1814 quis.quodammodo
1213 1713 1331 1789 saitem
1350 1715 1488 1811 aliquos
1506 1703 1628 1785 bivini
1641 1714 1775 1787 amoris
1792 1738 1914 1813 raptus

557 1834 720 1910 expertus
738 1811 812 1892 est,
839 1814 869 1883 is
887 1812 1028 1886 demum
1047 1816 1110 1886 rite
1137 1809 1349 1908 cognoscet,
1379 1812 1496 1882 omnia
1526 1805 1568 1882 fic
1593 1811 1739 1882 amantis
1768 1834 1862 1886 vota
1880 1814 1916 1885 δι

558 1908 663 1981 verba
676 1908 719 1978 ad
735 1910 857 1981 vivum
876 1903 1053 1982 resecanda
1065 1935 1135 1982 non
1158 1908 1221 1984 esse
1241 1938 1251 1983 ι
1277 1934 1391 2006 neque
1408 1906 1579 2004 exigenda
1598 1906 1645 1978 ad
1658 1908 1828 1983 amussim
1838 1933 1917 1984 ora·

558 2006 663 2080 tionis
684 2031 727 2077 ex
747 2000 935 2103 composito
954 2002 1141 2103 sedatoque
1157 2008 1274 2080 animo
1291 1999 1545 2104 proficiscentis.

658 2104 816 2175 XXXII.
843 2107 927 2175 Non
946 2125 1062 2175 tamen
1081 2105 1130 2175 ita
1145 2103 1291 2177 Paulum
1311 2103 1422 2174 amori
1440 2096 1501 2172 suo
1518 2087 1686 2175 indulsisse
1707 2102 1917 2200 putandum

416 2202 451 2237 “¹
481 2199 542 2241 Ην·
559 2197 628 2280 est,
656 2220 696 2270 ut
709 2195 880 2297 sapientiae
900 2221 959 2273 aut
973 2195 1155 2272 sendimus
1168 2196 1236 2273 suae
1257 2199 1388 2272 oblitus
1402 2194 1452 2270 srt.
1505 2204 1534 2270 1.
1554 2198 1655 2271 Nihil
1672 2202 1772 2271 enim
1791 2202 1831 2273 in
1849 2200 1915 2274 hot

540 2312 645 2369 'voto
671 2294 717 2367 est
738 2295 836 2393 quod
855 2292 1029 2393 sapientiae
1048 2323 1083 2369 re
1109 2320 1247 2393 ugnat3
1285 2297 1445 2393 quamvis
1461 2318 1518 2365 eas
1536 2295 1572 2366 in
1598 2290 1631 2366 se
1653 2320 1709 2368 res
1748 2321 1918 2396 compre·

558 2391 688 2465 hendat
712 2416 792 2488 quae
824 2388 896 2464 fieri
927 2418 997 2465 non
1029 2323 1175 2491 possunt.
1227 2392 1437 2489 Plerumque
1458 2391 1550 2463 enim
1579 2412 1743 2489 optantur
1768 2417 1812 2466 ea
1836 2420 1915 2493 quae

559 2494 590 2557 aa
609 2492 666 2555 τῶν
689 2481 835 2557 asurim
858 2486 921 2562 esse
968 2486 1173 2563 ersuastssrmi
1197 2485 1342 2571 sumus,
1369 2488 1452 2583 quia
1471 2482 1612 2584 seposita
1637 2483 1916 2582 consideratione

557 2592 633 2679 ejus
647 2588 745 2687 quod
762 2585 832 2661 fieri
849 2516 965 2685 potesi
973 2634 984 2670 ,
1012 2588 1164 2685 optantis
1183 2588 1317 2660 animus
1345 2586 1443 2657 unice
1459 2585 1495 2656 in
1516 2585 1565 2655 rei
1587 2580 1790 2660 desideratae
1809 2587 1915 2662 boni·

558 2708 665 2760 tatem
680 2688 831 2772 intentus
848 2682 906 2757 est.
956 2690 1042 2757 Non
1063 2683 1346 2764 esteredendum,
1375 2675 1547 2778 desipuisse
1561 2680 1662 2754 illum
1675 2684 1740 2778 qui
1752 2688 1914 2783 pra-teri.

559 2805 617 2854 tos
637 2780 698 2853 fibi
714 2805 821 2853 annos
836 2780 952 2854 referri
974 2781 1116 2878 optabat
1133 2806 1145 2867 3
1172 2805 1231 2853 aut
1246 2778 1446 2860 Davidem,
1472 2777 1558 2850 dum
1569 2776 1710 2876 optabat
1724 2805 1915 2859 mortuum

559 2874 594 2953 se
612 2873 674 2949 esse
691 2903 755 2974 pro
774 2880 842 2969 jam
865 2878 1035 2951 trucidato
1059 2874 1133 2950 fisio
1161 2874 1369 2951 Absolomo.
1419 2883 1530 2972 Super
1555 2876 1673 2947 omnia
1700 2881 1914 2978 exemplum

559 2974 688 3048 Christi
703 2974 749 3047 est
768 3022 779 3055 ‚
807 2975 980 3071 optantis,
1005 2994 1067 3055 ut,
1092 2970 1117 3046 fi
1137 2970 1210 3047 sieri
1264 2996 1321 3046 ote
1341 2968 1442 3055 esset,
1472 2971 1571 3069 quod
1591 2996 1707 3046 tamen
1728 2997 1825 3073 pote
1845 3001 1916 3052 nnn

559 3067 624 3145 esse
645 3072 778 3169 optime
805 3068 958 3155 sciebat,
986 3061 1077 3145 caiix
1098 3000 1311 3144 amarissimae
1333 3072 1493 3168 passionis
1525 3064 1593 3142 suae
1614 3064 1683 3140 ase
1702 3076 1914 3168 praetcriret.

488 3221 491 3228 ·
558 3175 605 3244 11.
630 3176 757 3267 Neque
776 3167 970 3267 quidquam
982 3191 1068 3241 voto
1087 3167 1155 3241 hoc
1174 3170 1358 3267 derogatur
1383 3164 1593 3240 submissioni
1614 3165 1667 3237 isli
1684 3192 1760 3266 qua
1769 3166 1928 3246 Divinoe'

558 3267 751 3339 voluntatis
769 3267 907 3338 decreto
926 3261 1138 3365 acquiescere
1151 3309 1153 3314 .
1158 3292 1221 3365 par
1235 3268 1282 3341 est
1297 3294 1306 3339 ε
1333 3291 1404 3338 non
1425 3264 1536 3359 magis
1555 3287 1660 3360 quarn
1672 3264 1709 3336 in
1725 3271 1816 3340 eam
1830 3291 1914 3368 pcc*

557 3366 649 3438 cavit
668 3362 850 3446 Christus,
877 3361 964 3437 dum
994 3389 1060 3475 pto
1084 3362 1152 3436 hoc
1175 3361 1248 3463 ipso
1266 3363 1430 3463 populo,
1458 3364 1495 3433 δι
1514 3359 1599 3433 urbe
1631 3361 1912 3466 Hierosolyma,

556 3464 655 3551 cujus
675 3462 850 3531 interitum
869 3484 912 3531 cx
929 3463 1056 3532 Divina
1068 3461 1246 3533 voluntate
1269 3459 1453 3558 praedicit,
1481 3478 1604 3529 votum
1631 3455 1722 3530 istud
1743 3487 1843 3538 couc
1888 3457 1931 3538 ir*

556 3553 659 3654 quod
677 3558 789 3625 Lucas
811 3575 981 3625 memorat
995 3558 1175 3655 Evangelii
1195 3562 1283 3655 Cap.
1298 3580 1392 3630 xlx:
1416 3575 1476 3643 42.
1529 3558 1661 3629 minam
1673 3555 1734 3629 ves
1755 3578 1797 3634 tu
1873 3585 1916 3645 er,

380 3676 390 3709 c
433 3669 438 3680 '
557 3654 614 3729 hoc
627 3651 741 3739 saitem
754 3669 808 3723 tuo
825 3653 901 3728 die,
924 3672 991 3746 quae
1011 3654 1052 3722 ad
1071 3671 1181 3747 pacem
1203 3673 1292 3725 tuam
1314 3656 1472 3748 pertinent
1484 3655 1502 3723 I
1527 3658 1612 3723 Non
1630 3673 1722 3724 certe
1749 3658 1840 3730 Deo'
1860 3658 1917 3734 di.

557 3747 702 3848 splicet,
730 3748 791 3846 qui
808 3748 1025 3844 pereuntium
1043 3744 1250 3830 hominum,
1278 3751 1315 3822 &
1333 3745 1390 3820 sua
1403 3748 1546 3846 quidem
1557 3748 1914 3846 culpapeteuntium,

558 3843 729 3919 miseriam
750 3839 882 3916 sinceris
896 3841 1055 3916 lacrumis
1072 3843 1204 3931 desiet3
1227 3846 1390 3943 quamvis
1410 3846 1622 3943 caeteroquin
1641 3841 1824 3924 sententiae
1843 3854 1914 3926 Dei

557 3964 599 4014 ut
617 3939 799 4030 justissimae
815 3934 1018 4021 subscribat,
1046 3944 1083 4013 &
1102 3943 1138 4013 in
1158 3937 1357 4015 sandissrmo
1372 3938 1506 4040 semper
1525 3938 1672 4038 supremi
1688 3943 1814 4033 arbitri
1827 3973 1915 4022 cou-

558 4035 634 4110 srlio
652 4031 852 4131 acquiescat.
904 4042 1018 4117 Nam,
1038 4063 1102 4134 pro
1119 4038 1244 4127 objecti
1261 4040 1403 4136 cogitati
1419 4036 1684 4111 consideratione
1701 4042 1822 4126 varia,
1838 4069 1914 4120 ,νὼ

559 4137 609 4210 ric
628 4135 730 4203 etiam
747 4131 904 4203 homines
926 4128 1026 4206 sanfti
1056 4135 1258 4207 afficiuntur.
1311 4136 1462 4231 Qando
1484 4138 1610 4208 mentis
1628 4133 1696 4210 suae
1716 4141 1851 4216 oculos
1875 4144 1913 4218 iu

559 4227 654 4306 suam
673 4229 865 4302 aliorumve
890 4225 1032 4302 salutem
1053 4227 1190 4303 defixos
1213 4230 1365 4314 habent,
1394 4233 1493 4306 aliter
1516 4225 1624 4306 affecti
1648 4232 1757 4318 sunt,
1797 4263 1914 4337 quam

556 4352 671 4427 quum
689 4325 863 4398 decretum
885 4328 953 4397 Dei
971 4374 982 4409 ,
1001 4329 1066 4401 cui
1086 4330 1204 4399 omnia
1223 4328 1340 4402 cedere
1358 4350 1516 4439 oportet,
1545 4333 1659 4403 animo
1670 4329 1831 4430 ipsorum
1847 4337 1914 4411 ob·

557 4420 722 4500 versatur.
773 4426 809 4494 T
810 4446 874 4497 une
899 4418 1031 4524 semper
1053 4421 1184 4501 Christi
1206 4424 1295 4505 iliud
1314 4424 1477 4503 obtinete
1501 4452 1561 4501 nui
1577 4454 1674 4528 ntea,
1695 4437 1835 4530 Pater,
1860 4434 1916 4525 ses

1856 4551 1916 4609 m
