<?xml version="1.0" encoding="UTF-8"?>
<!DOCTYPE html PUBLIC "-//W3C//DTD XHTML 1.0 Transitional//EN"
    "http://www.w3.org/TR/xhtml1/DTD/xhtml1-transitional.dtd">
<html xmlns="http://www.w3.org/1999/xhtml" xml:lang="en" lang="en">
 <head>
  <title>
</title>
<meta http-equiv="Content-Type" content="text/html;charset=utf-8" />
  <meta name='ocr-system' content='tesseract 3.04.00' />
  <meta name='ocr-capabilities' content='ocr_page ocr_carea ocr_par ocr_line ocrx_word'/>
</head>
<body>
  <div class='ocr_page' id='page_1' title='image "./hermanniwitsiim01witsgoog/hermanniwitsiim01witsgoog_0714.png"; bbox 0 0 4667 5442; ppageno 0'>
   <div class='ocr_carea' id='block_1_1' title="bbox 690 447 1813 609">
    <p class='ocr_par' dir='ltr' id='par_1_1' title="bbox 690 447 1813 609">
     <span class='ocr_line' id='line_1_1' title="bbox 690 447 1813 609; baseline 0.004 -43"><span class='ocrx_word' id='word_1_1' title='bbox 690 450 767 566; x_wconf 83' lang='lat' dir='ltr'>Dr</span> <span class='ocrx_word' id='word_1_2' title='bbox 803 447 1107 572; x_wconf 65' lang='lat' dir='ltr'>stasim.</span> <span class='ocrx_word' id='word_1_3' title='bbox 1142 471 1333 570; x_wconf 78' lang='lat' dir='ltr'>Varus.</span> <span class='ocrx_word' id='word_1_4' title='bbox 1354 471 1553 572; x_wconf 79' lang='lat' dir='ltr'>Erana.</span> <span class='ocrx_word' id='word_1_5' title='bbox 1712 478 1813 609; x_wconf 84' lang='lat'>693</span> 
     </span>
    </p>
   </div>
   <div class='ocr_carea' id='block_1_2' title="bbox 414 611 1876 2879">
    <p class='ocr_par' dir='ltr' id='par_1_2' title="bbox 414 611 1817 1125">
     <span class='ocr_line' id='line_1_2' title="bbox 414 611 1815 749; baseline 0.003 -35"><span class='ocrx_word' id='word_1_6' title='bbox 414 611 434 700; x_wconf 64' lang='lat' dir='ltr'>i</span> <span class='ocrx_word' id='word_1_7' title='bbox 472 651 531 714; x_wconf 89' lang='lat' dir='ltr'>tot</span> <span class='ocrx_word' id='word_1_8' title='bbox 548 625 692 712; x_wconf 85' lang='lat' dir='ltr'>consciis</span> <span class='ocrx_word' id='word_1_9' title='bbox 720 633 845 749; x_wconf 67' lang='lat' dir='ltr'>fastum</span> <span class='ocrx_word' id='word_1_10' title='bbox 865 633 912 714; x_wconf 72' lang='lat' dir='ltr'>eu</span> <span class='ocrx_word' id='word_1_11' title='bbox 928 635 1111 713; x_wconf 90' lang='lat' dir='ltr'>bominum</span> <span class='ocrx_word' id='word_1_12' title='bbox 1128 635 1286 714; x_wconf 81' lang='lat' dir='ltr'>millibus</span> <span class='ocrx_word' id='word_1_13' title='bbox 1302 637 1317 714; x_wconf 79' lang='lat'>3</span> <span class='ocrx_word' id='word_1_14' title='bbox 1346 639 1384 714; x_wconf 85' lang='lat' dir='ltr'>Si</span> <span class='ocrx_word' id='word_1_15' title='bbox 1404 660 1520 714; x_wconf 87' lang='lat' dir='ltr'>tamen</span> <span class='ocrx_word' id='word_1_16' title='bbox 1540 659 1698 739; x_wconf 79' lang='lat' dir='ltr'>negent,</span> <span class='ocrx_word' id='word_1_17' title='bbox 1725 643 1815 742; x_wconf 86' lang='lat' dir='ltr'>quid</span> 
     </span>
     <span class='ocr_line' id='line_1_3' title="bbox 472 729 1817 835; baseline 0.006 -29"><span class='ocrx_word' id='word_1_18' title='bbox 472 729 542 808; x_wconf 91' lang='lat' dir='ltr'>hoc</span> <span class='ocrx_word' id='word_1_19' title='bbox 563 736 670 834; x_wconf 92' lang='lat' dir='ltr'>igitur</span> <span class='ocrx_word' id='word_1_20' title='bbox 680 735 836 809; x_wconf 85' lang='lat' dir='ltr'>miraculi</span> <span class='ocrx_word' id='word_1_21' title='bbox 851 731 918 818; x_wconf 85' lang='lat' dir='ltr'>est,</span> <span class='ocrx_word' id='word_1_22' title='bbox 945 735 1045 835; x_wconf 90' lang='lat' dir='ltr'>quod</span> <span class='ocrx_word' id='word_1_23' title='bbox 1057 757 1112 809; x_wconf 91' lang='lat' dir='ltr'>tot</span> <span class='ocrx_word' id='word_1_24' title='bbox 1122 736 1279 834; x_wconf 91' lang='lat' dir='ltr'>tantique</span> <span class='ocrx_word' id='word_1_25' title='bbox 1288 734 1436 835; x_wconf 87' lang='lat' dir='ltr'>populi,</span> <span class='ocrx_word' id='word_1_26' title='bbox 1464 734 1731 814; x_wconf 84' lang='lat' dir='ltr'><strong>homuncionem</strong></span> <span class='ocrx_word' id='word_1_27' title='bbox 1748 742 1817 814; x_wconf 87' lang='lat' dir='ltr'>mi-</span> 
     </span>
     <span class='ocr_line' id='line_1_4' title="bbox 470 823 1816 934; baseline 0.003 -28"><span class='ocrx_word' id='word_1_28' title='bbox 470 823 609 914; x_wconf 91' lang='lat' dir='ltr'>serum,</span> <span class='ocrx_word' id='word_1_29' title='bbox 631 833 796 930; x_wconf 80' lang='lat' dir='ltr'>inopem,</span> <span class='ocrx_word' id='word_1_30' title='bbox 820 829 1001 916; x_wconf 89' lang='lat' dir='ltr'>humilem,</span> <span class='ocrx_word' id='word_1_31' title='bbox 1021 829 1126 906; x_wconf 89' lang='lat' dir='ltr'>nullis</span> <span class='ocrx_word' id='word_1_32' title='bbox 1142 832 1315 907; x_wconf 80' lang='lat' dir='ltr'>miraculis</span> <span class='ocrx_word' id='word_1_33' title='bbox 1328 828 1483 929; x_wconf 77' lang='lat' dir='ltr'>persuasi,</span> <span class='ocrx_word' id='word_1_34' title='bbox 1496 835 1585 906; x_wconf 90' lang='lat' dir='ltr'>inter</span> <span class='ocrx_word' id='word_1_35' title='bbox 1594 830 1816 934; x_wconf 82' lang='lat' dir='ltr'>telasequan·</span> 
     </span>
     <span class='ocr_line' id='line_1_5' title="bbox 469 923 1817 1028; baseline 0.006 -26"><span class='ocrx_word' id='word_1_36' title='bbox 469 945 550 1016; x_wconf 84' lang='lat' dir='ltr'>tur3</span> <span class='ocrx_word' id='word_1_37' title='bbox 576 949 716 1002; x_wconf 92' lang='lat' dir='ltr'>mortuo</span> <span class='ocrx_word' id='word_1_38' title='bbox 733 928 995 1016; x_wconf 78' lang='lat' dir='ltr'>immoriantur3</span> <span class='ocrx_word' id='word_1_39' title='bbox 1019 930 1057 1002; x_wconf 76' lang='lat' dir='ltr'>u</span> <span class='ocrx_word' id='word_1_40' title='bbox 1070 923 1311 1026; x_wconf 82' lang='lat' dir='ltr'>pro‚crucibxo</span> <span class='ocrx_word' id='word_1_41' title='bbox 1324 949 1492 1012; x_wconf 90' lang='lat' dir='ltr'>mortem,</span> <span class='ocrx_word' id='word_1_42' title='bbox 1513 930 1762 1028; x_wconf 69' lang='lat' dir='ltr'>ignominiam,</span> <span class='ocrx_word' id='word_1_43' title='bbox 1779 933 1817 1009; x_wconf 76' lang='lat' dir='ltr'>dc</span> 
     </span>
     <span class='ocr_line' id='line_1_6' title="bbox 467 1023 1615 1125; baseline 0.001 -25"><span class='ocrx_word' id='word_1_44' title='bbox 467 1045 590 1100; x_wconf 68' lang='lat' dir='ltr'>nemra</span> <span class='ocrx_word' id='word_1_45' title='bbox 604 1046 757 1100; x_wconf 87' lang='lat' dir='ltr'>extrema</span> <span class='ocrx_word' id='word_1_46' title='bbox 774 1026 846 1122; x_wconf 89' lang='lat' dir='ltr'>pati</span> <span class='ocrx_word' id='word_1_47' title='bbox 856 1070 870 1109; x_wconf 89' lang='lat'>,</span> <span class='ocrx_word' id='word_1_48' title='bbox 896 1023 1120 1109; x_wconf 80' lang='lat' dir='ltr'>felicitatem,</span> <span class='ocrx_word' id='word_1_49' title='bbox 1147 1023 1276 1109; x_wconf 88' lang='lat' dir='ltr'>decus,</span> <span class='ocrx_word' id='word_1_50' title='bbox 1302 1024 1452 1125; x_wconf 79' lang='lat' dir='ltr'>gloriam</span> <span class='ocrx_word' id='word_1_51' title='bbox 1468 1024 1615 1125; x_wconf 72' lang='lat' dir='ltr'>putenti</span> 
     </span>
    </p>

    <p class='ocr_par' dir='ltr' id='par_1_3' title="bbox 566 1115 1812 1216">
     <span class='ocr_line' id='line_1_7' title="bbox 566 1115 1812 1216; baseline 0.004 -20"><span class='ocrx_word' id='word_1_52' title='bbox 566 1124 623 1197; x_wconf 86' lang='lat' dir='ltr'>Sin</span> <span class='ocrx_word' id='word_1_53' title='bbox 650 1122 781 1197; x_wconf 89' lang='lat' dir='ltr'>ularem</span> <span class='ocrx_word' id='word_1_54' title='bbox 798 1121 961 1196; x_wconf 68' lang='lat' dir='ltr'>dostrinae</span> <span class='ocrx_word' id='word_1_55' title='bbox 983 1121 1078 1196; x_wconf 88' lang='lat' dir='ltr'>illius</span> <span class='ocrx_word' id='word_1_56' title='bbox 1119 1123 1236 1196; x_wconf 88' lang='lat' dir='ltr'>enium</span> <span class='ocrx_word' id='word_1_57' title='bbox 1254 1115 1322 1194; x_wconf 88' lang='lat' dir='ltr'>elle</span> <span class='ocrx_word' id='word_1_58' title='bbox 1344 1118 1472 1196; x_wconf 81' lang='lat' dir='ltr'>nocella</span> <span class='ocrx_word' id='word_1_59' title='bbox 1494 1119 1572 1206; x_wconf 87' lang='lat' dir='ltr'>est,</span> <span class='ocrx_word' id='word_1_60' title='bbox 1599 1123 1697 1216; x_wconf 83' lang='lat' dir='ltr'>cujus</span> <span class='ocrx_word' id='word_1_61' title='bbox 1716 1145 1812 1202; x_wconf 74' lang='lat' dir='ltr'>tanos</span> 
     </span>
    </p>

    <p class='ocr_par' dir='ltr' id='par_1_4' title="bbox 414 1143 1811 1322">
     <span class='ocr_line' id='line_1_8' title="bbox 414 1143 1811 1322; baseline 0.001 -26"><span class='ocrx_word' id='word_1_62' title='bbox 414 1223 434 1322; x_wconf 67' lang='lat' dir='ltr'>&#39;g</span> <span class='ocrx_word' id='word_1_63' title='bbox 468 1213 519 1296; x_wconf 75' lang='lat' dir='ltr'>est</span> <span class='ocrx_word' id='word_1_64' title='bbox 539 1220 575 1293; x_wconf 95' lang='lat' dir='ltr'>in</span> <span class='ocrx_word' id='word_1_65' title='bbox 592 1145 784 1293; x_wconf 79' lang='lat' dir='ltr'>alliciendis</span> <span class='ocrx_word' id='word_1_66' title='bbox 800 1243 838 1295; x_wconf 91' lang='lat' dir='ltr'>ac</span> <span class='ocrx_word' id='word_1_67' title='bbox 852 1218 1085 1294; x_wconf 82' lang='lat' dir='ltr'>devinciendis</span> <span class='ocrx_word' id='word_1_68' title='bbox 1094 1143 1287 1292; x_wconf 72' lang='lat' dir='ltr'>lominum</span> <span class='ocrx_word' id='word_1_69' title='bbox 1299 1220 1424 1294; x_wconf 89' lang='lat' dir='ltr'>animis</span> <span class='ocrx_word' id='word_1_70' title='bbox 1434 1224 1718 1298; x_wconf 78' lang='lat' dir='ltr'>Errrcncrras.</span> <span class='ocrx_word' id='word_1_71' title='bbox 1744 1227 1811 1297; x_wconf 81' lang='lat' dir='ltr'>At·</span> 
     </span>
    </p>

    <p class='ocr_par' dir='ltr' id='par_1_5' title="bbox 414 1315 1810 1415">
     <span class='ocr_line' id='line_1_9' title="bbox 414 1315 1810 1415; baseline 0.003 -23"><span class='ocrx_word' id='word_1_72' title='bbox 414 1325 435 1398; x_wconf 88' lang='lat' dir='ltr'>ri</span> <span class='ocrx_word' id='word_1_73' title='bbox 469 1339 540 1414; x_wconf 83' lang='lat' dir='ltr'>que</span> <span class='ocrx_word' id='word_1_74' title='bbox 560 1315 627 1391; x_wconf 91' lang='lat' dir='ltr'>boc</span> <span class='ocrx_word' id='word_1_75' title='bbox 647 1316 810 1389; x_wconf 91' lang='lat' dir='ltr'>ultimum</span> <span class='ocrx_word' id='word_1_76' title='bbox 830 1339 874 1390; x_wconf 89' lang='lat' dir='ltr'>ex</span> <span class='ocrx_word' id='word_1_77' title='bbox 893 1316 935 1388; x_wconf 91' lang='lat' dir='ltr'>iis</span> <span class='ocrx_word' id='word_1_78' title='bbox 949 1319 1158 1415; x_wconf 89' lang='lat' dir='ltr'>argumentis</span> <span class='ocrx_word' id='word_1_79' title='bbox 1168 1336 1263 1398; x_wconf 92' lang='lat' dir='ltr'>erat,</span> <span class='ocrx_word' id='word_1_80' title='bbox 1291 1316 1420 1411; x_wconf 90' lang='lat' dir='ltr'>quibus</span> <span class='ocrx_word' id='word_1_81' title='bbox 1432 1315 1610 1414; x_wconf 84' lang='lat' dir='ltr'>Evangelii</span> <span class='ocrx_word' id='word_1_82' title='bbox 1629 1320 1810 1396; x_wconf 78' lang='lat' dir='ltr'>veritatem</span> 
     </span>
    </p>

    <p class='ocr_par' dir='ltr' id='par_1_6' title="bbox 414 1408 1812 1522">
     <span class='ocr_line' id='line_1_10' title="bbox 414 1408 1812 1522; baseline 0.003 -36"><span class='ocrx_word' id='word_1_83' title='bbox 414 1443 434 1522; x_wconf 75' lang='lat' dir='ltr'>p</span> <span class='ocrx_word' id='word_1_84' title='bbox 462 1408 667 1486; x_wconf 86' lang='lat' dir='ltr'>confirmare</span> <span class='ocrx_word' id='word_1_85' title='bbox 681 1409 900 1486; x_wconf 83' lang='lat' dir='ltr'>instituimus.</span> <span class='ocrx_word' id='word_1_86' title='bbox 950 1411 1152 1511; x_wconf 84' lang='lat' dir='ltr'>Perpendite</span> <span class='ocrx_word' id='word_1_87' title='bbox 1172 1435 1331 1495; x_wconf 88' lang='lat' dir='ltr'>mecum,</span> <span class='ocrx_word' id='word_1_88' title='bbox 1359 1417 1613 1496; x_wconf 81' lang='lat' dir='ltr'>Aunrrorras,</span> <span class='ocrx_word' id='word_1_89' title='bbox 1639 1437 1812 1512; x_wconf 86' lang='lat' dir='ltr'>quantum</span> 
     </span>
    </p>

    <p class='ocr_par' dir='ltr' id='par_1_7' title="bbox 414 1506 1810 1594">
     <span class='ocr_line' id='line_1_11' title="bbox 414 1506 1810 1594; baseline 0.002 -12"><span class='ocrx_word' id='word_1_90' title='bbox 414 1543 434 1594; x_wconf 80' lang='grc' dir='ltr'>ι</span> <span class='ocrx_word' id='word_1_91' title='bbox 462 1531 578 1583; x_wconf 85' lang='lat' dir='ltr'>cares</span> <span class='ocrx_word' id='word_1_92' title='bbox 597 1508 872 1583; x_wconf 85' lang='lat' dir='ltr'>admirabilitatis</span> <span class='ocrx_word' id='word_1_93' title='bbox 895 1506 1030 1584; x_wconf 86' lang='lat' dir='ltr'>habeat.</span> <span class='ocrx_word' id='word_1_94' title='bbox 1079 1507 1256 1581; x_wconf 88' lang='lat' dir='ltr'>Duodeni-</span> <span class='ocrx_word' id='word_1_95' title='bbox 1296 1509 1424 1583; x_wconf 88' lang='lat' dir='ltr'>timum</span> <span class='ocrx_word' id='word_1_96' title='bbox 1440 1507 1629 1591; x_wconf 87' lang='lat' dir='ltr'>homines,</span> <span class='ocrx_word' id='word_1_97' title='bbox 1657 1510 1752 1585; x_wconf 90' lang='lat' dir='ltr'>nulla</span> <span class='ocrx_word' id='word_1_98' title='bbox 1771 1535 1810 1586; x_wconf 89' lang='lat' dir='ltr'>re</span> 
     </span>
    </p>

    <p class='ocr_par' dir='ltr' id='par_1_8' title="bbox 414 1599 1804 1704">
     <span class='ocr_line' id='line_1_12' title="bbox 414 1599 1804 1704; baseline 0.002 -24"><span class='ocrx_word' id='word_1_99' title='bbox 414 1621 434 1694; x_wconf 67' lang='lat' dir='ltr'>&#39;u</span> <span class='ocrx_word' id='word_1_100' title='bbox 466 1599 529 1680; x_wconf 87' lang='lat' dir='ltr'>nili</span> <span class='ocrx_word' id='word_1_101' title='bbox 550 1607 720 1703; x_wconf 87' lang='lat' dir='ltr'>probitate</span> <span class='ocrx_word' id='word_1_102' title='bbox 750 1601 836 1690; x_wconf 91' lang='lat' dir='ltr'>sua,</span> <span class='ocrx_word' id='word_1_103' title='bbox 863 1604 1067 1680; x_wconf 88' lang='lat' dir='ltr'>&amp;infucata</span> <span class='ocrx_word' id='word_1_104' title='bbox 1089 1629 1229 1680; x_wconf 91' lang='lat' dir='ltr'>morum</span> <span class='ocrx_word' id='word_1_105' title='bbox 1280 1605 1468 1704; x_wconf 89' lang='lat' dir='ltr'>mplicitate</span> <span class='ocrx_word' id='word_1_106' title='bbox 1489 1606 1804 1694; x_wconf 87' lang='lat' dir='ltr'>commendabiles,</span> 
     </span>
    </p>

    <p class='ocr_par' dir='ltr' id='par_1_9' title="bbox 414 1698 1806 1800">
     <span class='ocr_line' id='line_1_13' title="bbox 414 1698 1806 1800; baseline 0.004 -26"><span class='ocrx_word' id='word_1_107' title='bbox 414 1725 434 1794; x_wconf 60' lang='lat' dir='ltr'>j</span> <span class='ocrx_word' id='word_1_108' title='bbox 459 1700 587 1778; x_wconf 91' lang='lat' dir='ltr'>orbern</span> <span class='ocrx_word' id='word_1_109' title='bbox 607 1704 695 1777; x_wconf 93' lang='lat' dir='ltr'>inter</span> <span class='ocrx_word' id='word_1_110' title='bbox 709 1698 743 1775; x_wconf 89' lang='lat' dir='ltr'>se</span> <span class='ocrx_word' id='word_1_111' title='bbox 759 1703 874 1800; x_wconf 90' lang='lat' dir='ltr'>partiti</span> <span class='ocrx_word' id='word_1_112' title='bbox 893 1723 1082 1787; x_wconf 85' lang='lat' dir='ltr'>terrarum,</span> <span class='ocrx_word' id='word_1_113' title='bbox 1109 1727 1180 1776; x_wconf 94' lang='lat' dir='ltr'>non</span> <span class='ocrx_word' id='word_1_114' title='bbox 1197 1721 1332 1776; x_wconf 90' lang='lat' dir='ltr'>tantum</span> <span class='ocrx_word' id='word_1_115' title='bbox 1351 1727 1414 1800; x_wconf 91' lang='lat' dir='ltr'>per</span> <span class='ocrx_word' id='word_1_116' title='bbox 1427 1725 1548 1778; x_wconf 89' lang='lat' dir='ltr'>omnes</span> <span class='ocrx_word' id='word_1_117' title='bbox 1563 1706 1715 1779; x_wconf 89' lang='lat' dir='ltr'>Romani</span> <span class='ocrx_word' id='word_1_118' title='bbox 1733 1712 1806 1780; x_wconf 90' lang='lat' dir='ltr'>lm·</span> 
     </span>
    </p>

    <p class='ocr_par' dir='ltr' id='par_1_10' title="bbox 414 1795 1805 1900">
     <span class='ocr_line' id='line_1_14' title="bbox 414 1795 1805 1900; baseline 0.004 -28"><span class='ocrx_word' id='word_1_119' title='bbox 414 1819 434 1892; x_wconf 67' lang='lat' dir='ltr'>p</span> <span class='ocrx_word' id='word_1_120' title='bbox 458 1801 549 1896; x_wconf 83' lang='lat' dir='ltr'>perii</span> <span class='ocrx_word' id='word_1_121' title='bbox 561 1821 675 1899; x_wconf 90' lang='lat' dir='ltr'>partes</span> <span class='ocrx_word' id='word_1_122' title='bbox 693 1846 706 1883; x_wconf 90' lang='lat'>,</span> <span class='ocrx_word' id='word_1_123' title='bbox 731 1795 790 1872; x_wconf 92' lang='lat' dir='ltr'>sed</span> <span class='ocrx_word' id='word_1_124' title='bbox 808 1799 854 1872; x_wconf 88' lang='lat' dir='ltr'>ad</span> <span class='ocrx_word' id='word_1_125' title='bbox 869 1795 1013 1877; x_wconf 88' lang='lat' dir='ltr'>Parthos</span> <span class='ocrx_word' id='word_1_126' title='bbox 1029 1823 1174 1898; x_wconf 90' lang='lat' dir='ltr'>quoque</span> <span class='ocrx_word' id='word_1_127' title='bbox 1185 1799 1223 1874; x_wconf 89' lang='lat'>&amp;</span> <span class='ocrx_word' id='word_1_128' title='bbox 1240 1797 1538 1899; x_wconf 85' lang='lat' dir='ltr'>lndosprogreslt,</span> <span class='ocrx_word' id='word_1_129' title='bbox 1566 1801 1653 1874; x_wconf 92' lang='lat' dir='ltr'>intra</span> <span class='ocrx_word' id='word_1_130' title='bbox 1664 1803 1805 1900; x_wconf 81' lang='lat' dir='ltr'>triginta</span> 
     </span>
    </p>

    <p class='ocr_par' dir='ltr' id='par_1_11' title="bbox 414 1891 1807 2012">
     <span class='ocr_line' id='line_1_15' title="bbox 414 1891 1807 2012; baseline 0.003 -44"><span class='ocrx_word' id='word_1_131' title='bbox 414 1911 434 1992; x_wconf 64' lang='lat' dir='ltr'>fi</span> <span class='ocrx_word' id='word_1_132' title='bbox 458 1919 573 1970; x_wconf 83' lang='lat' dir='ltr'>annos</span> <span class='ocrx_word' id='word_1_133' title='bbox 594 1898 754 1979; x_wconf 90' lang='lat' dir='ltr'>circiter,</span> <span class='ocrx_word' id='word_1_134' title='bbox 781 1895 961 1995; x_wconf 86' lang='lat' dir='ltr'>Evangelii</span> <span class='ocrx_word' id='word_1_135' title='bbox 979 1893 1068 1970; x_wconf 87' lang='lat' dir='ltr'>fama</span> <span class='ocrx_word' id='word_1_136' title='bbox 1096 1900 1214 1971; x_wconf 66' lang='lat' dir='ltr'>cunda</span> <span class='ocrx_word' id='word_1_137' title='bbox 1231 1893 1459 1993; x_wconf 88' lang='lat' dir='ltr'>repleverunt.</span> <span class='ocrx_word' id='word_1_138' title='bbox 1510 1891 1807 2012; x_wconf 75' lang='lat' dir='ltr'>Craslam&#39;ubique</span> 
     </span>
    </p>

    <p class='ocr_par' dir='ltr' id='par_1_12' title="bbox 414 1985 1807 2106">
     <span class='ocr_line' id='line_1_16' title="bbox 414 1985 1807 2106; baseline 0.004 -43"><span class='ocrx_word' id='word_1_139' title='bbox 414 2039 434 2090; x_wconf 71' lang='grc' dir='ltr'>Ι</span> <span class='ocrx_word' id='word_1_140' title='bbox 454 1985 678 2066; x_wconf 86' lang='lat' dir='ltr'>offendebant</span> <span class='ocrx_word' id='word_1_141' title='bbox 695 1995 943 2106; x_wconf 87' lang='lat' dir='ltr'>ignorantiam,</span> <span class='ocrx_word' id='word_1_142' title='bbox 968 1992 1164 2090; x_wconf 85' lang='lat' dir='ltr'>praejudicia</span> <span class='ocrx_word' id='word_1_143' title='bbox 1183 1992 1320 2076; x_wconf 90' lang='lat' dir='ltr'>valida,</span> <span class='ocrx_word' id='word_1_144' title='bbox 1346 1987 1547 2092; x_wconf 88' lang='lat' dir='ltr'>animosque</span> <span class='ocrx_word' id='word_1_145' title='bbox 1565 1992 1807 2094; x_wconf 86' lang='lat' dir='ltr'>salsaereligro·</span> 
     </span>
    </p>

    <p class='ocr_par' dir='ltr' id='par_1_13' title="bbox 414 2085 1851 2188">
     <span class='ocr_line' id='line_1_17' title="bbox 414 2085 1851 2188; baseline 0.002 -26"><span class='ocrx_word' id='word_1_146' title='bbox 414 2088 515 2188; x_wconf 66' lang='lat' dir='ltr'>¹,tris</span> <span class='ocrx_word' id='word_1_147' title='bbox 532 2091 618 2164; x_wconf 88' lang='lat' dir='ltr'>circa</span> <span class='ocrx_word' id='word_1_148' title='bbox 634 2085 748 2163; x_wconf 70' lang='lat' dir='ltr'>fiction</span> <span class='ocrx_word' id='word_1_149' title='bbox 768 2092 909 2166; x_wconf 90' lang='lat' dir='ltr'>numina</span> <span class='ocrx_word' id='word_1_150' title='bbox 920 2090 1030 2166; x_wconf 90' lang='lat' dir='ltr'>veluti</span> <span class='ocrx_word' id='word_1_151' title='bbox 1046 2088 1147 2164; x_wconf 83' lang='lat' dir='ltr'>cestro</span> <span class='ocrx_word' id='word_1_152' title='bbox 1192 2089 1321 2162; x_wconf 90' lang='lat' dir='ltr'>uodam</span> <span class='ocrx_word' id='word_1_153' title='bbox 1340 2092 1501 2186; x_wconf 88' lang='lat' dir='ltr'>percitos.</span> <span class='ocrx_word' id='word_1_154' title='bbox 1552 2090 1741 2166; x_wconf 83' lang='lat' dir='ltr'>obstabant</span> <span class='ocrx_word' id='word_1_155' title='bbox 1761 2093 1806 2165; x_wconf 87' lang='lat' dir='ltr'>iis</span> <span class='ocrx_word' id='word_1_156' title='bbox 1848 2174 1851 2181; x_wconf 54' lang='grc'>,</span> 
     </span>
    </p>

    <p class='ocr_par' dir='ltr' id='par_1_14' title="bbox 414 2114 1876 2288">
     <span class='ocr_line' id='line_1_18' title="bbox 414 2114 1876 2288; baseline 0.004 -30"><span class='ocrx_word' id='word_1_157' title='bbox 414 2233 433 2282; x_wconf 62' lang='lat'>3</span> <span class='ocrx_word' id='word_1_158' title='bbox 454 2181 610 2258; x_wconf 84' lang='lat' dir='ltr'>instituta</span> <span class='ocrx_word' id='word_1_159' title='bbox 627 2189 826 2278; x_wconf 86' lang='lat' dir='ltr'>majorum,</span> <span class='ocrx_word' id='word_1_160' title='bbox 854 2183 1140 2285; x_wconf 90' lang='lat' dir='ltr'>pbilosophorum</span> <span class='ocrx_word' id='word_1_161' title='bbox 1163 2114 1294 2259; x_wconf 64' lang='lat' dir='ltr'>dolosae</span> <span class='ocrx_word' id='word_1_162' title='bbox 1311 2185 1580 2288; x_wconf 88' lang='lat' dir='ltr'>disputationes,</span> <span class='ocrx_word' id='word_1_163' title='bbox 1611 2189 1665 2262; x_wconf 92' lang='lat' dir='ltr'>vis</span> <span class='ocrx_word' id='word_1_164' title='bbox 1686 2188 1804 2264; x_wconf 80' lang='lat' dir='ltr'>omnia</span> <span class='ocrx_word' id='word_1_165' title='bbox 1868 2241 1876 2254; x_wconf 87' lang='lat'><strong>·</strong></span> 
     </span>
    </p>

    <p class='ocr_par' dir='ltr' id='par_1_15' title="bbox 414 2279 1803 2479">
     <span class='ocr_line' id='line_1_19' title="bbox 414 2279 1803 2479; baseline 0.009 -25"><span class='ocrx_word' id='word_1_166' title='bbox 414 2279 675 2454; x_wconf 58' lang='lat' dir='ltr'>illibi?</span> <span class='ocrx_word' id='word_1_167' title='bbox 693 2286 970 2478; x_wconf 63' lang='lat' dir='ltr'>{ll‘p‘ilbln</span> <span class='ocrx_word' id='word_1_168' title='bbox 983 2280 1803 2479; x_wconf 53' lang='lat' dir='ltr'>infilflli‘iiil‘ssfnfilitiani</span> 
     </span>
    </p>

    <p class='ocr_par' dir='ltr' id='par_1_16' title="bbox 659 2427 670 2462">
     <span class='ocr_line' id='line_1_20' title="bbox 659 2427 670 2462; baseline 0 0"><span class='ocrx_word' id='word_1_169' title='bbox 659 2427 670 2462; x_wconf 76' lang='lat'><em>2</em></span> 
     </span>
    </p>

    <p class='ocr_par' dir='ltr' id='par_1_17' title="bbox 414 2433 1803 2582">
     <span class='ocr_line' id='line_1_21' title="bbox 414 2433 1803 2582; baseline 0.004 -35"><span class='ocrx_word' id='word_1_170' title='bbox 414 2433 517 2582; x_wconf 67' lang='lat' dir='ltr'>:aut</span> <span class='ocrx_word' id='word_1_171' title='bbox 535 2479 732 2552; x_wconf 90' lang='lat' dir='ltr'>Stoicorum</span> <span class='ocrx_word' id='word_1_172' title='bbox 749 2476 961 2554; x_wconf 71' lang='lat' dir='ltr'>dialecticam</span> <span class='ocrx_word' id='word_1_173' title='bbox 982 2472 1207 2552; x_wconf 89' lang='lat' dir='ltr'>subtilitatem</span> <span class='ocrx_word' id='word_1_174' title='bbox 1227 2524 1238 2561; x_wconf 94' lang='lat'>,</span> <span class='ocrx_word' id='word_1_175' title='bbox 1274 2501 1334 2552; x_wconf 88' lang='lat' dir='ltr'>aut</span> <span class='ocrx_word' id='word_1_176' title='bbox 1351 2475 1615 2580; x_wconf 73' lang='lat' dir='ltr'>pythagoricam</span> <span class='ocrx_word' id='word_1_177' title='bbox 1638 2501 1803 2552; x_wconf 89' lang='lat' dir='ltr'>numero·</span> 
     </span>
    </p>

    <p class='ocr_par' dir='ltr' id='par_1_18' title="bbox 414 2572 1799 2680">
     <span class='ocr_line' id='line_1_22' title="bbox 414 2572 1799 2680; baseline 0.001 -30"><span class='ocrx_word' id='word_1_178' title='bbox 414 2631 428 2680; x_wconf 61' lang='grc' dir='ltr'>Ι</span> <span class='ocrx_word' id='word_1_179' title='bbox 451 2594 535 2650; x_wconf 83' lang='lat' dir='ltr'>rum</span> <span class='ocrx_word' id='word_1_180' title='bbox 555 2576 592 2647; x_wconf 77' lang='grc' dir='ltr'>δι</span> <span class='ocrx_word' id='word_1_181' title='bbox 616 2595 846 2648; x_wconf 92' lang='lat' dir='ltr'>concentuum</span> <span class='ocrx_word' id='word_1_182' title='bbox 871 2577 1050 2673; x_wconf 82' lang='lat' dir='ltr'>peritiamt</span> <span class='ocrx_word' id='word_1_183' title='bbox 1077 2573 1173 2648; x_wconf 88' lang='lat' dir='ltr'>nulla</span> <span class='ocrx_word' id='word_1_184' title='bbox 1184 2576 1227 2649; x_wconf 92' lang='lat' dir='ltr'>iis</span> <span class='ocrx_word' id='word_1_185' title='bbox 1243 2573 1381 2651; x_wconf 88' lang='lat' dir='ltr'>facundi</span> <span class='ocrx_word' id='word_1_186' title='bbox 1398 2572 1563 2650; x_wconf 87' lang='lat' dir='ltr'>sermonis</span> <span class='ocrx_word' id='word_1_187' title='bbox 1573 2576 1799 2660; x_wconf 78' lang='lat' dir='ltr'>concinnitas,</span> 
     </span>
    </p>

    <p class='ocr_par' dir='ltr' id='par_1_19' title="bbox 424 2670 1797 2768">
     <span class='ocr_line' id='line_1_23' title="bbox 424 2670 1797 2768; baseline 0.004 -28"><span class='ocrx_word' id='word_1_188' title='bbox 424 2691 526 2766; x_wconf 71' lang='lat' dir='ltr'>¹apua</span> <span class='ocrx_word' id='word_1_189' title='bbox 539 2673 653 2745; x_wconf 89' lang='lat' dir='ltr'>Graeci</span> <span class='ocrx_word' id='word_1_190' title='bbox 673 2671 759 2745; x_wconf 92' lang='lat' dir='ltr'>olim</span> <span class='ocrx_word' id='word_1_191' title='bbox 772 2676 920 2747; x_wconf 92' lang='lat' dir='ltr'>Romani</span> <span class='ocrx_word' id='word_1_192' title='bbox 950 2696 993 2745; x_wconf 92' lang='lat' dir='ltr'>ue</span> <span class='ocrx_word' id='word_1_193' title='bbox 1003 2675 1167 2747; x_wconf 91' lang='lat' dir='ltr'>Oratores</span> <span class='ocrx_word' id='word_1_194' title='bbox 1178 2670 1290 2768; x_wconf 89' lang='lat' dir='ltr'>plebis</span> <span class='ocrx_word' id='word_1_195' title='bbox 1299 2675 1434 2747; x_wconf 91' lang='lat' dir='ltr'>animos</span> <span class='ocrx_word' id='word_1_196' title='bbox 1444 2670 1554 2746; x_wconf 90' lang='lat' dir='ltr'>veluti</span> <span class='ocrx_word' id='word_1_197' title='bbox 1567 2670 1797 2746; x_wconf 80' lang='lat' dir='ltr'>incantabant.</span> 
     </span>
    </p>

    <p class='ocr_par' dir='ltr' id='par_1_20' title="bbox 450 2763 1798 2879">
     <span class='ocr_line' id='line_1_24' title="bbox 450 2763 1798 2879; baseline 0 -39"><span class='ocrx_word' id='word_1_198' title='bbox 450 2765 525 2840; x_wconf 81' lang='lat' dir='ltr'>Sed</span> <span class='ocrx_word' id='word_1_199' title='bbox 543 2767 643 2842; x_wconf 94' lang='lat' dir='ltr'>nullo</span> <span class='ocrx_word' id='word_1_200' title='bbox 659 2766 843 2843; x_wconf 91' lang='lat' dir='ltr'>hominum</span> <span class='ocrx_word' id='word_1_201' title='bbox 863 2795 883 2843; x_wconf 91' lang='lat' dir='ltr'>a</span> <span class='ocrx_word' id='word_1_202' title='bbox 935 2773 942 2785; x_wconf 85' lang='lat'>&#39;</span> <span class='ocrx_word' id='word_1_203' title='bbox 960 2772 996 2842; x_wconf 94' lang='lat' dir='ltr'>io</span> <span class='ocrx_word' id='word_1_204' title='bbox 1013 2769 1087 2842; x_wconf 87' lang='lat' dir='ltr'>nixi</span> <span class='ocrx_word' id='word_1_205' title='bbox 1102 2814 1114 2851; x_wconf 91' lang='lat'>,</span> <span class='ocrx_word' id='word_1_206' title='bbox 1142 2767 1243 2842; x_wconf 94' lang='lat' dir='ltr'>nullo</span> <span class='ocrx_word' id='word_1_207' title='bbox 1259 2767 1416 2844; x_wconf 85' lang='lat' dir='ltr'>secularis</span> <span class='ocrx_word' id='word_1_208' title='bbox 1434 2763 1607 2866; x_wconf 72' lang='lat' dir='ltr'>sapientiae</span> <span class='ocrx_word' id='word_1_209' title='bbox 1633 2787 1798 2879; x_wconf 73' lang='lat' dir='ltr'>apparatu</span> 
     </span>
    </p>
   </div>
   <div class='ocr_carea' id='block_1_3' title="bbox 414 2831 1802 2949">
    <p class='ocr_par' dir='ltr' id='par_1_21' title="bbox 414 2831 1802 2949">
     <span class='ocr_line' id='line_1_25' title="bbox 414 2831 1802 2949; baseline -0.006 -5"><span class='ocrx_word' id='word_1_210' title='bbox 414 2831 425 2944; x_wconf 58' lang='grc' dir='ltr'>,Ι</span> <span class='ocrx_word' id='word_1_211' title='bbox 452 2859 625 2947; x_wconf 67' lang='lat' dir='ltr'>instructi,</span> <span class='ocrx_word' id='word_1_212' title='bbox 647 2859 714 2938; x_wconf 87' lang='lat' dir='ltr'>stne</span> <span class='ocrx_word' id='word_1_213' title='bbox 730 2863 813 2940; x_wconf 88' lang='lat' dir='ltr'>ullis</span> <span class='ocrx_word' id='word_1_214' title='bbox 836 2867 1024 2941; x_wconf 90' lang='lat' dir='ltr'>verborum</span> <span class='ocrx_word' id='word_1_215' title='bbox 1044 2863 1236 2949; x_wconf 91' lang='lat' dir='ltr'>illecebris,</span> <span class='ocrx_word' id='word_1_216' title='bbox 1264 2862 1439 2940; x_wconf 86' lang='lat' dir='ltr'>Christum</span> <span class='ocrx_word' id='word_1_217' title='bbox 1450 2861 1651 2940; x_wconf 86' lang='lat' dir='ltr'>crucifixum</span> <span class='ocrx_word' id='word_1_218' title='bbox 1693 2863 1802 2937; x_wconf 81' lang='lat' dir='ltr'>raedr·</span> 
     </span>
    </p>
   </div>
   <div class='ocr_carea' id='block_1_4' title="bbox 414 2890 1799 3347">
    <p class='ocr_par' dir='ltr' id='par_1_22' title="bbox 414 2890 1799 3347">
     <span class='ocr_line' id='line_1_26' title="bbox 414 2890 1799 3060; baseline -0.001 -26"><span class='ocrx_word' id='word_1_219' title='bbox 414 2957 421 3058; x_wconf 29' lang='grc' dir='ltr'>ξ</span> <span class='ocrx_word' id='word_1_220' title='bbox 450 2981 555 3043; x_wconf 87' lang='lat' dir='ltr'>cant,</span> <span class='ocrx_word' id='word_1_221' title='bbox 578 2986 621 3033; x_wconf 91' lang='lat' dir='ltr'>eo</span> <span class='ocrx_word' id='word_1_222' title='bbox 641 2957 805 3047; x_wconf 81' lang='lat' dir='ltr'>successu,</span> <span class='ocrx_word' id='word_1_223' title='bbox 835 2985 876 3038; x_wconf 95' lang='lat' dir='ltr'>ut</span> <span class='ocrx_word' id='word_1_224' title='bbox 890 2965 976 3047; x_wconf 85' lang='lat' dir='ltr'>viri,</span> <span class='ocrx_word' id='word_1_225' title='bbox 1002 2961 1151 3045; x_wconf 76' lang='lat' dir='ltr'>feminae,</span> <span class='ocrx_word' id='word_1_226' title='bbox 1178 2962 1280 3044; x_wconf 90' lang='lat' dir='ltr'>dites,</span> <span class='ocrx_word' id='word_1_227' title='bbox 1300 2963 1446 3060; x_wconf 86' lang='lat' dir='ltr'>inopes;</span> <span class='ocrx_word' id='word_1_228' title='bbox 1469 2962 1625 3044; x_wconf 90' lang='lat' dir='ltr'>nobiles,</span> <span class='ocrx_word' id='word_1_229' title='bbox 1646 2890 1799 3057; x_wconf 70' lang='lat' dir='ltr'>plebeiis</span> 
     </span>
     <span class='ocr_line' id='line_1_27' title="bbox 414 3053 1797 3158; baseline -0.001 -28"><span class='ocrx_word' id='word_1_230' title='bbox 414 3061 417 3074; x_wconf 88' lang='lat'>&#39;</span> <span class='ocrx_word' id='word_1_231' title='bbox 444 3053 637 3151; x_wconf 76' lang='lat' dir='ltr'>sapientes,</span> <span class='ocrx_word' id='word_1_232' title='bbox 658 3060 799 3144; x_wconf 81' lang='lat' dir='ltr'>idiotae,</span> <span class='ocrx_word' id='word_1_233' title='bbox 826 3061 988 3152; x_wconf 84' lang='lat' dir='ltr'>abjuraris</span> <span class='ocrx_word' id='word_1_234' title='bbox 1003 3054 1119 3158; x_wconf 87' lang='lat' dir='ltr'>priscae</span> <span class='ocrx_word' id='word_1_235' title='bbox 1138 3055 1383 3158; x_wconf 88' lang='lat' dir='ltr'>superstitionis</span> <span class='ocrx_word' id='word_1_236' title='bbox 1405 3059 1640 3140; x_wconf 84' lang='lat' dir='ltr'>vanitatibus,</span> <span class='ocrx_word' id='word_1_237' title='bbox 1668 3059 1704 3128; x_wconf 92' lang='lat' dir='ltr'>in</span> <span class='ocrx_word' id='word_1_238' title='bbox 1719 3081 1797 3129; x_wconf 79' lang='lat' dir='ltr'>orn-</span> 
     </span>
     <span class='ocr_line' id='line_1_28' title="bbox 449 3153 1795 3253; baseline 0.001 -27"><span class='ocrx_word' id='word_1_239' title='bbox 449 3153 555 3226; x_wconf 89' lang='lat' dir='ltr'>nibus</span> <span class='ocrx_word' id='word_1_240' title='bbox 573 3178 784 3253; x_wconf 91' lang='lat' dir='ltr'>quocunque</span> <span class='ocrx_word' id='word_1_241' title='bbox 804 3159 962 3232; x_wconf 86' lang='lat' dir='ltr'>venirent</span> <span class='ocrx_word' id='word_1_242' title='bbox 986 3155 1079 3228; x_wconf 92' lang='lat' dir='ltr'>orbis</span> <span class='ocrx_word' id='word_1_243' title='bbox 1100 3178 1265 3228; x_wconf 85' lang='lat' dir='ltr'>terrarum</span> <span class='ocrx_word' id='word_1_244' title='bbox 1284 3155 1475 3237; x_wconf 63' lang='lat' dir='ltr'>trabibus,</span> <span class='ocrx_word' id='word_1_245' title='bbox 1503 3153 1642 3228; x_wconf 87' lang='lat' dir='ltr'>Christo</span> <span class='ocrx_word' id='word_1_246' title='bbox 1664 3175 1795 3228; x_wconf 87' lang='lat' dir='ltr'>nomen</span> 
     </span>
     <span class='ocr_line' id='line_1_29' title="bbox 447 3239 1794 3347; baseline -0.002 -28"><span class='ocrx_word' id='word_1_247' title='bbox 447 3246 559 3322; x_wconf 87' lang='lat' dir='ltr'>dent:</span> <span class='ocrx_word' id='word_1_248' title='bbox 585 3272 658 3324; x_wconf 92' lang='lat' dir='ltr'>tam</span> <span class='ocrx_word' id='word_1_249' title='bbox 675 3250 886 3334; x_wconf 84' lang='lat' dir='ltr'>constanter,</span> <span class='ocrx_word' id='word_1_250' title='bbox 909 3255 946 3324; x_wconf 94' lang='lat'>&amp;</span> <span class='ocrx_word' id='word_1_251' title='bbox 962 3249 1396 3347; x_wconf 87' lang='lat' dir='ltr'>quemadmodumPaulus</span> <span class='ocrx_word' id='word_1_252' title='bbox 1406 3248 1517 3324; x_wconf 87' lang='lat' dir='ltr'>noster</span> <span class='ocrx_word' id='word_1_253' title='bbox 1529 3250 1613 3326; x_wconf 90' lang='lat' dir='ltr'>dicit</span> <span class='ocrx_word' id='word_1_254' title='bbox 1624 3239 1794 3344; x_wconf 65' lang='lat' dir='ltr'>inspienti·</span> 
     </span>
    </p>
   </div>
   <div class='ocr_carea' id='block_1_5' title="bbox 434 3343 1795 4587">
    <p class='ocr_par' dir='ltr' id='par_1_23' title="bbox 434 3343 1795 4587">
     <span class='ocr_line' id='line_1_30' title="bbox 445 3343 1795 3444; baseline 0.001 -26"><span class='ocrx_word' id='word_1_255' title='bbox 445 3367 537 3418; x_wconf 65' lang='grc' dir='ltr'>τως,</span> <span class='ocrx_word' id='word_1_256' title='bbox 559 3368 599 3417; x_wconf 91' lang='lat' dir='ltr'>ut</span> <span class='ocrx_word' id='word_1_257' title='bbox 616 3345 713 3420; x_wconf 88' lang='lat' dir='ltr'>nulla</span> <span class='ocrx_word' id='word_1_258' title='bbox 726 3343 886 3444; x_wconf 90' lang='lat' dir='ltr'>deinceps</span> <span class='ocrx_word' id='word_1_259' title='bbox 899 3343 1093 3419; x_wconf 89' lang='lat' dir='ltr'>sermonum</span> <span class='ocrx_word' id='word_1_260' title='bbox 1109 3343 1266 3427; x_wconf 87' lang='lat' dir='ltr'>vafritie,</span> <span class='ocrx_word' id='word_1_261' title='bbox 1293 3347 1399 3420; x_wconf 89' lang='lat' dir='ltr'>nullis</span> <span class='ocrx_word' id='word_1_262' title='bbox 1433 3346 1699 3429; x_wconf 83' lang='lat' dir='ltr'>romilltonibus,</span> <span class='ocrx_word' id='word_1_263' title='bbox 1714 3346 1795 3421; x_wconf 87' lang='lat' dir='ltr'>nul-</span> 
     </span>
     <span class='ocr_line' id='line_1_31' title="bbox 441 3371 1791 3540; baseline 0.001 -21"><span class='ocrx_word' id='word_1_264' title='bbox 441 3445 495 3524; x_wconf 86' lang='lat' dir='ltr'>lis</span> <span class='ocrx_word' id='word_1_265' title='bbox 506 3446 634 3525; x_wconf 89' lang='lat' dir='ltr'>minis,</span> <span class='ocrx_word' id='word_1_266' title='bbox 659 3441 764 3516; x_wconf 90' lang='lat' dir='ltr'>nullis</span> <span class='ocrx_word' id='word_1_267' title='bbox 775 3444 976 3518; x_wconf 90' lang='lat' dir='ltr'>cruciatibus</span> <span class='ocrx_word' id='word_1_268' title='bbox 987 3437 1198 3516; x_wconf 91' lang='lat' dir='ltr'>mortibusve</span> <span class='ocrx_word' id='word_1_269' title='bbox 1209 3441 1381 3518; x_wconf 90' lang='lat' dir='ltr'>dimoveri</span> <span class='ocrx_word' id='word_1_270' title='bbox 1391 3371 1434 3518; x_wconf 64' lang='lat' dir='ltr'>ab</span> <span class='ocrx_word' id='word_1_271' title='bbox 1452 3444 1527 3517; x_wconf 88' lang='lat' dir='ltr'>ince</span> <span class='ocrx_word' id='word_1_272' title='bbox 1552 3467 1591 3516; x_wconf 93' lang='lat' dir='ltr'>to</span> <span class='ocrx_word' id='word_1_273' title='bbox 1600 3445 1791 3540; x_wconf 85' lang='lat' dir='ltr'>potuerint.</span> 
     </span>
     <span class='ocr_line' id='line_1_32' title="bbox 445 3470 1792 3639; baseline -0.001 -24"><span class='ocrx_word' id='word_1_274' title='bbox 445 3542 508 3618; x_wconf 77' lang='lat' dir='ltr'>Ab</span> <span class='ocrx_word' id='word_1_275' title='bbox 527 3540 625 3614; x_wconf 86' lang='lat' dir='ltr'>India</span> <span class='ocrx_word' id='word_1_276' title='bbox 644 3537 807 3637; x_wconf 88' lang='lat' dir='ltr'>usquead</span> <span class='ocrx_word' id='word_1_277' title='bbox 829 3539 1060 3621; x_wconf 83' lang='lat' dir='ltr'>Britanniam,</span> <span class='ocrx_word' id='word_1_278' title='bbox 1088 3537 1233 3636; x_wconf 81' lang='lat' dir='ltr'>arigida</span> <span class='ocrx_word' id='word_1_279' title='bbox 1249 3534 1489 3638; x_wconf 87' lang='lat' dir='ltr'>septentrionis</span> <span class='ocrx_word' id='word_1_280' title='bbox 1506 3470 1609 3639; x_wconf 78' lang='lat' dir='ltr'>plaga</span> <span class='ocrx_word' id='word_1_281' title='bbox 1626 3537 1792 3637; x_wconf 91' lang='lat' dir='ltr'>usquead</span> 
     </span>
     <span class='ocr_line' id='line_1_33' title="bbox 444 3632 1790 3733; baseline -0.001 -21"><span class='ocrx_word' id='word_1_282' title='bbox 444 3639 603 3716; x_wconf 86' lang='lat' dir='ltr'>fervores</span> <span class='ocrx_word' id='word_1_283' title='bbox 624 3632 790 3710; x_wconf 85' lang='lat' dir='ltr'>Atlantici</span> <span class='ocrx_word' id='word_1_284' title='bbox 805 3638 938 3712; x_wconf 91' lang='lat' dir='ltr'>Oceani</span> <span class='ocrx_word' id='word_1_285' title='bbox 957 3681 969 3720; x_wconf 93' lang='lat'>,</span> <span class='ocrx_word' id='word_1_286' title='bbox 995 3637 1031 3710; x_wconf 94' lang='lat' dir='ltr'>in</span> <span class='ocrx_word' id='word_1_287' title='bbox 1054 3633 1173 3710; x_wconf 89' lang='lat' dir='ltr'>insulis</span> <span class='ocrx_word' id='word_1_288' title='bbox 1191 3636 1229 3712; x_wconf 78' lang='grc' dir='ltr'>δι</span> <span class='ocrx_word' id='word_1_289' title='bbox 1269 3639 1433 3712; x_wconf 88' lang='lat' dir='ltr'>rovinciis</span> <span class='ocrx_word' id='word_1_290' title='bbox 1450 3638 1613 3711; x_wconf 90' lang='lat' dir='ltr'>omnibus</span> <span class='ocrx_word' id='word_1_291' title='bbox 1631 3659 1717 3733; x_wconf 91' lang='lat' dir='ltr'>quas</span> <span class='ocrx_word' id='word_1_292' title='bbox 1735 3633 1790 3712; x_wconf 90' lang='lat' dir='ltr'>sol</span> 
     </span>
     <span class='ocr_line' id='line_1_34' title="bbox 442 3662 1791 3930; baseline -0.003 -22"><span class='ocrx_word' id='word_1_293' title='bbox 442 3662 1452 3930; x_wconf 61' lang='lat' dir='ltr'>tins.nintinniit-‘mrnigasium’</span> <span class='ocrx_word' id='word_1_294' title='bbox 1478 3736 1791 3904; x_wconf 59' lang='lat' dir='ltr'>{nitense</span> 
     </span>
     <span class='ocr_line' id='line_1_35' title="bbox 444 3923 1789 4027; baseline -0.004 -23"><span class='ocrx_word' id='word_1_295' title='bbox 444 3929 488 4004; x_wconf 89' lang='lat'>&amp;</span> <span class='ocrx_word' id='word_1_296' title='bbox 500 3927 701 4026; x_wconf 89' lang='lat' dir='ltr'>pellitorum</span> <span class='ocrx_word' id='word_1_297' title='bbox 714 3926 812 4000; x_wconf 89' lang='lat' dir='ltr'>turba</span> <span class='ocrx_word' id='word_1_298' title='bbox 824 3927 1059 4027; x_wconf 88' lang='lat' dir='ltr'>populorum,</span> <span class='ocrx_word' id='word_1_299' title='bbox 1087 3927 1149 4024; x_wconf 91' lang='lat' dir='ltr'>qui</span> <span class='ocrx_word' id='word_1_300' title='bbox 1162 3948 1380 4002; x_wconf 91' lang='lat' dir='ltr'>mortuorum</span> <span class='ocrx_word' id='word_1_301' title='bbox 1396 3927 1577 4026; x_wconf 89' lang='lat' dir='ltr'>quondam</span> <span class='ocrx_word' id='word_1_302' title='bbox 1587 3923 1789 4000; x_wconf 88' lang='lat' dir='ltr'>inferiislro·</span> 
     </span>
     <span class='ocr_line' id='line_1_36' title="bbox 444 4017 1785 4122; baseline -0.001 -23"><span class='ocrx_word' id='word_1_303' title='bbox 444 4027 560 4100; x_wconf 88' lang='lat' dir='ltr'>mines</span> <span class='ocrx_word' id='word_1_304' title='bbox 575 4022 821 4108; x_wconf 89' lang='lat' dir='ltr'>immolabant,</span> <span class='ocrx_word' id='word_1_305' title='bbox 850 4023 1027 4100; x_wconf 85' lang='lat' dir='ltr'>stridorem</span> <span class='ocrx_word' id='word_1_306' title='bbox 1042 4017 1140 4097; x_wconf 87' lang='lat' dir='ltr'>suurn</span> <span class='ocrx_word' id='word_1_307' title='bbox 1159 4025 1195 4096; x_wconf 93' lang='lat' dir='ltr'>in</span> <span class='ocrx_word' id='word_1_308' title='bbox 1218 4022 1320 4096; x_wconf 87' lang='lat' dir='ltr'>dulce</span> <span class='ocrx_word' id='word_1_309' title='bbox 1340 4027 1448 4099; x_wconf 89' lang='lat' dir='ltr'>crucis</span> <span class='ocrx_word' id='word_1_310' title='bbox 1467 4024 1641 4122; x_wconf 88' lang='lat' dir='ltr'>fregerunt</span> <span class='ocrx_word' id='word_1_311' title='bbox 1657 4022 1785 4108; x_wconf 80' lang='lat' dir='ltr'>melos.</span> 
     </span>
     <span class='ocr_line' id='line_1_37' title="bbox 439 4116 1784 4219; baseline -0.001 -23"><span class='ocrx_word' id='word_1_312' title='bbox 439 4123 487 4196; x_wconf 89' lang='lat'>-&amp;</span> <span class='ocrx_word' id='word_1_313' title='bbox 497 4122 605 4193; x_wconf 86' lang='lat' dir='ltr'>torius</span> <span class='ocrx_word' id='word_1_314' title='bbox 621 4120 743 4194; x_wconf 92' lang='lat' dir='ltr'>mundi</span> <span class='ocrx_word' id='word_1_315' title='bbox 753 4143 820 4194; x_wconf 90' lang='lat' dir='ltr'>una</span> <span class='ocrx_word' id='word_1_316' title='bbox 835 4147 928 4204; x_wconf 86' lang='lat' dir='ltr'>vox,</span> <span class='ocrx_word' id='word_1_317' title='bbox 943 4117 1099 4200; x_wconf 85' lang='lat' dir='ltr'>Christus</span> <span class='ocrx_word' id='word_1_318' title='bbox 1111 4119 1174 4195; x_wconf 79' lang='lat' dir='ltr'>cll.</span> <span class='ocrx_word' id='word_1_319' title='bbox 1222 4116 1393 4218; x_wconf 87' lang='lat' dir='ltr'>Deposuit</span> <span class='ocrx_word' id='word_1_320' title='bbox 1404 4118 1577 4219; x_wconf 88' lang='lat' dir='ltr'>pharetras</span> <span class='ocrx_word' id='word_1_321' title='bbox 1588 4121 1784 4205; x_wconf 79' lang='lat' dir='ltr'>Armenius,</span> 
     </span>
     <span class='ocr_line' id='line_1_38' title="bbox 440 4211 1785 4315; baseline -0.003 -23"><span class='ocrx_word' id='word_1_322' title='bbox 440 4219 572 4292; x_wconf 88' lang='lat' dir='ltr'>Hunni</span> <span class='ocrx_word' id='word_1_323' title='bbox 590 4214 723 4292; x_wconf 89' lang='lat' dir='ltr'>discunt</span> <span class='ocrx_word' id='word_1_324' title='bbox 739 4217 967 4304; x_wconf 82' lang='lat' dir='ltr'>Psalterium3</span> <span class='ocrx_word' id='word_1_325' title='bbox 992 4215 1142 4315; x_wconf 84' lang='lat' dir='ltr'>Scythiae</span> <span class='ocrx_word' id='word_1_326' title='bbox 1159 4216 1284 4315; x_wconf 88' lang='lat' dir='ltr'>frigora</span> <span class='ocrx_word' id='word_1_327' title='bbox 1303 4216 1435 4292; x_wconf 87' lang='lat' dir='ltr'>fervent</span> <span class='ocrx_word' id='word_1_328' title='bbox 1447 4216 1558 4292; x_wconf 88' lang='lat' dir='ltr'>calore</span> <span class='ocrx_word' id='word_1_329' title='bbox 1576 4211 1658 4290; x_wconf 86' lang='lat' dir='ltr'>fidei</span> <span class='ocrx_word' id='word_1_330' title='bbox 1673 4244 1683 4290; x_wconf 84' lang='lat' dir='ltr'>t</span> <span class='ocrx_word' id='word_1_331' title='bbox 1710 4219 1785 4288; x_wconf 88' lang='lat' dir='ltr'>Ge·</span> 
     </span>
     <span class='ocr_line' id='line_1_39' title="bbox 435 4312 1783 4392; baseline -0.004 -2"><span class='ocrx_word' id='word_1_332' title='bbox 435 4335 558 4390; x_wconf 87' lang='lat' dir='ltr'>tarum</span> <span class='ocrx_word' id='word_1_333' title='bbox 574 4313 696 4388; x_wconf 90' lang='lat' dir='ltr'>rutilus</span> <span class='ocrx_word' id='word_1_334' title='bbox 713 4317 750 4388; x_wconf 93' lang='lat'>&amp;</span> <span class='ocrx_word' id='word_1_335' title='bbox 770 4314 880 4390; x_wconf 80' lang='lat' dir='ltr'>flavus</span> <span class='ocrx_word' id='word_1_336' title='bbox 897 4315 1064 4392; x_wconf 87' lang='lat' dir='ltr'>exercitus</span> <span class='ocrx_word' id='word_1_337' title='bbox 1082 4312 1303 4390; x_wconf 86' lang='lat' dir='ltr'>Ecclesrarum</span> <span class='ocrx_word' id='word_1_338' title='bbox 1320 4312 1514 4388; x_wconf 84' lang='lat' dir='ltr'>circumfert</span> <span class='ocrx_word' id='word_1_339' title='bbox 1523 4314 1683 4388; x_wconf 89' lang='lat' dir='ltr'>tentoria.</span> <span class='ocrx_word' id='word_1_340' title='bbox 1698 4316 1783 4385; x_wconf 85' lang='lat' dir='ltr'>Haec</span> 
     </span>
     <span class='ocr_line' id='line_1_40' title="bbox 434 4406 1784 4587; baseline -0.005 -97"><span class='ocrx_word' id='word_1_341' title='bbox 434 4407 1029 4501; x_wconf 82' lang='lat' dir='ltr'>enimaPatribusolimobservata,</span> <span class='ocrx_word' id='word_1_342' title='bbox 1050 4406 1296 4587; x_wconf 49' lang='lat' dir='ltr'>dgpppffice,</span> <span class='ocrx_word' id='word_1_343' title='bbox 1313 4413 1368 4488; x_wconf 90' lang='lat' dir='ltr'>uti</span> <span class='ocrx_word' id='word_1_344' title='bbox 1375 4431 1569 4522; x_wconf 77' lang='lat' dir='ltr'>merentur,</span> <span class='ocrx_word' id='word_1_345' title='bbox 1586 4409 1784 4519; x_wconf 72' lang='lat' dir='ltr'>praedicata,</span> 
     </span>
    </p>
   </div>
   <div class='ocr_carea' id='block_1_6' title="bbox 0 0 2338 5442">
    <p class='ocr_par' dir='ltr' id='par_1_24' title="bbox 0 0 2338 5442">
     <span class='ocr_line' id='line_1_41' title="bbox 0 0 2338 5442; baseline 0 3"><span class='ocrx_word' id='word_1_346' title='bbox 0 0 2338 5442; x_wconf 95' lang='lat' dir='ltr'> </span> 
     </span>
    </p>
   </div>
  </div>
 </body>
</html>
