4667 5442
574 490 637 592 16
847 483 1671 583 Exincrriiriol.

566 648 694 751 Angeli
712 650 844 752 igitur,
873 675 983 750 quum
1002 651 1038 724 in
1063 645 1214 725 humana
1239 650 1350 724 forma
1378 631 1603 750 apparerent,
1631 652 1764 750 concipi
1789 648 1924 729 debent

569 752 697 824 cuneis
708 748 843 847 praediti
860 743 955 823 fuille
971 746 1151 846 partibus,
1180 771 1259 845 quae
1276 747 1321 820 ad
1338 748 1480 823 humani
1509 752 1662 847 corporis
1683 750 1923 847 integritatem

468 927 471 932 ⁴
490 867 494 880 ’
568 850 739 944 pertinent
755 874 768 919 -ε
794 848 837 919 iis
856 847 987 927 etiam,
1015 868 1101 943 quas
1119 846 1254 942 operire
1268 870 1389 919 omnes
1409 845 1665 944 propemodum
1683 867 1803 945 gentes
1816 868 1923 921 natu-

419 1030 423 1036 ,
545 958 549 965 “
569 944 661 1017 ralis
674 941 794 1016 docuit
808 942 934 1039 pudor.
986 941 1097 1031 Cujus
1117 940 1262 1038 pudoris
1282 936 1425 1015 caussam
1440 967 1510 1015 non
1533 966 1609 1014 eam
1632 936 1709 1015 sane
1728 937 1827 1014 sandi
1843 948 1924 1016 An-

544 1037 796 1234 dlllfisst.
824 1034 1923 1225 ”llllssllillsslliill²“zlsslsllsllllt’filil·

665 1182 676 1219 a
1354 1181 1366 1215 t
1904 1174 1924 1200 ·

569 1258 713 1314 rarum,
742 1256 822 1305 cum
837 1225 1170 1328 incomprehensibili
1186 1230 1324 1304 Divinae
1343 1226 1526 1303 sanctitatis
1538 1230 1744 1327 perfessione
1766 1230 1921 1316 collatae,

570 1324 733 1427 illiusque
750 1328 837 1423 lucis
860 1324 995 1425 fulgore
1014 1321 1245 1409 circumfusae,
1272 1322 1340 1400 suae
1355 1326 1619 1425 imperfeftionis
1637 1328 1675 1399 bc
1696 1326 1925 1401 imbecillita·
1951 1371 1957 1380 ·

470 1445 472 1447 ’
570 1426 617 1498 tis
636 1424 864 1528 agnitione&
884 1422 1018 1521 pudore
1032 1420 1242 1497 imbuantur.
1295 1429 1343 1497 At
1369 1447 1412 1494 ue
1431 1420 1499 1495 huc
1518 1422 1687 1520 pertinere
1703 1423 1851 1499 arbitror
1868 1424 1925 1501 al·

532 1580 538 1589 .
572 1540 686 1595 terum
702 1519 834 1592 alarum
844 1517 1102 1616 Seraphicarum
1123 1514 1249 1603 usum,
1276 1447 1523 1592 conserendum
1545 1516 1828 1598 cumEzech.1c
1858 1545 1922 1600 11.

572 1619 676 1692 Circa
690 1617 831 1688 tertium
846 1613 942 1687 nulla
963 1614 1010 1689 est
1028 1614 1225 1689 difficultas.
1276 1622 1372 1689 Nam
1391 1613 1490 1712 quod
1517 1618 1634 1710 Binis
1663 1617 1924 1692 vocasssdi.

573 1735 696 1787 cuntur
714 1758 726 1793 ,
752 1712 868 1808 palam
884 1706 908 1782 si
933 1707 1047 1784 nificat
1058 1712 1268 1787 celeritatem
1285 1715 1321 1786 &
1334 1710 1624 1811 promtitudinem
1634 1707 1787 1811 ipsorum
1800 1713 1845 1789 ad
1856 1739 1925 1794 ex·

572 1804 745 1907 sequenda
763 1809 832 1879 Dei
847 1808 884 1897 ju
909 1832 940 1882 a.
966 1807 1097 1881 Confer
1113 1814 1205 1884 Dan.
1229 1833 1295 1884 iic:
1314 1832 1372 1886 21.

395 1938 504 2004 3an
520 1933 565 1993 1),
669 1909 805 1979 xviii.
830 1907 931 1989 Quos
941 1906 1081 1979 vidintur
1092 1903 1279 1988 hactenus,
1306 1903 1804 2006 nuncaudiameeSeraphinos.
1832 1911 1923 1986 Non

395 2022 509 2072 ciamare
574 2002 666 2074 enirn
681 1998 856 2073 adstabant
867 1996 1012 2077 silentes.
1061 2002 1188 2091 Sedu!
1210 1992 1264 2091 '’ll
1282 2003 1325 2091 fl!
1342 2003 1419 2099 ⁸22
1435 2007 1652 2077 erinivii
1682 2030 1751 2079 iiic
1778 2030 1833 2080 ao
1860 2030 1924 2082 tt-

394 2093 475 2149 antu
495 2087 532 2144 ’ὅ
576 2124 670 2174 tusi.
721 2099 775 2173 Ut
792 2095 836 2168 de
851 2091 1007 2171 sermone
1028 2098 1245 2199 Angelorum
1262 2103 1349 2176 inter
1364 2096 1422 2185 se,
1449 2096 1535 2182 sive,
1560 2099 1661 2200 quod
1678 2102 1775 2175 idem
1796 2100 1856 2186 est.
1875 2102 1924 2178 de

394 2172 524 2226 arnum.
575 2195 685 2270 modo
699 2217 773 2293 quo
787 2195 874 2268 meri
882 2192 936 2269 isti
948 2196 1096 2293 Spiritus
1109 2192 1185 2269 suas
1195 2191 1257 2270 sibi
1270 2219 1395 2271 mutuo
1405 2198 1634 2297 cogitationes
1647 2201 1922 2286 communicant.

485 2299 495 2308 '
574 2287 705 2369 curiose
721 2285 962 2389 disputemus,
990 2316 1104 2389 neque
1121 2291 1225 2385 hujus
1244 2293 1339 2377 loci,
1366 2319 1480 2392 neque
1500 2292 1603 2367 ullibi
1617 2293 1778 2369 locorum
1796 2293 1923 2372 riollroe

572 2387 749 2465 modestiae
767 2386 826 2462 est.
877 2391 947 2464 Res
961 2383 1033 2485 ipsa
1044 2390 1231 2487 loquitur,
1258 2392 1375 2465 omnia
1392 2389 1447 2463 hic
1467 2386 1530 2461 elle
1545 2387 1757 2489 symbolica:
1785 2418 1823 2466 ac
1835 2420 1924 2493 pro·

571 2487 653 2562 inde
675 2489 905 2558 Ciiiioicin
924 2484 1216 2585 seraphinorum,
1247 2487 1304 2562 vel
1325 2512 1446 2560 verum
1471 2482 1565 2560 fuisse
1588 2485 1711 2562 sonum
1729 2488 1772 2560 ab
1799 2490 1923 2587 ignitis
1972 2491 1977 2498 ’

569 2582 643 2659 istis
663 2580 865 2681 corporibus
883 2584 919 2654 in
938 2588 1014 2655 aire
1028 2581 1215 2657 formatum
1237 2629 1250 2668 ,
1278 2586 1339 2683 qui
1358 2609 1456 2658 aures
1478 2590 1544 2658 Pro
1567 2582 1658 2659 lietae
1678 2584 1805 2660 ferierit
1823 2611 1837 2673 3
1861 2585 1924 2664 vel

571 2677 709 2778 aliquid
738 2674 825 2751 sono
844 2674 1011 2764 ejusmodi
1033 2678 1254 2778 analogum,
1290 2681 1389 2780 quod
1419 2680 1527 2792 phant
1561 2706 1628 2754 iam
1659 2678 1762 2781 ipsius
1792 2676 1922 2761 affecit.

573 2776 683 2867 Quod
707 2796 823 2847 autem
843 2770 984 2864 clamaffe
1012 2776 1156 2872 potius,
1189 2801 1298 2874 quam
1320 2778 1427 2850 locuti
1450 2773 1542 2849 fuisse
1565 2802 1761 2861 narrentur,
1788 2781 1923 2878 partim

573 2873 621 2948 eli
640 2870 685 2942 ad
702 2869 962 2967 exprimendam
976 2895 1091 2943 terum
1108 2868 1331 2948 dicendarum
1353 2872 1579 2971 praestantiam
1597 2900 1608 2959 3
1634 2872 1816 2971 dignarum
1839 2872 1923 2952 sanc

571 2993 654 3138 diuae
674 2989 851 3135 torporaetiuii
861 2965 1062 3136 morgaliipm
1071 2967 1278 3137 {xcipgrngnm
1293 2971 1344 3136 h&
1360 2994 1380 3041 a
1394 2964 1570 3079 quibusvis
1568 2968 1692 3137 llodlcge
1694 2970 1843 3139 flagque
1855 2999 1926 3089 au.

611 3087 735 3138 anturi
851 3088 932 3134 ma
976 3087 999 3133 o
1028 3088 1071 3136 eii
1096 3086 1139 3135 en
1249 3088 1292 3135 ve
1319 3087 1504 3137 ementiam
1526 3089 1566 3136 ze
1672 3089 1734 3137 ae
1770 3092 1855 3142 uum

570 3088 813 3260 loquentibds.
828 3158 935 3231 Coris.
947 3156 1073 3232 Ezech.
1089 3183 1103 3233 1
1121 3186 1130 3232 a
1150 3181 1213 3255 24.
1262 3168 1370 3234 Porro
1390 3159 1582 3234 clamabant
1601 3164 1681 3234 Hic
1705 3189 1757 3236 iii>
1778 3099 1926 3260 tituil:

572 3255 641 3335 sive
660 3258 746 3332 alter
759 3256 805 3331 ad
819 3254 978 3329 alterum.
1030 3251 1178 3331 Fortalse
1188 3282 1250 3357 per
1263 3259 1379 3343 vices,
1407 3281 1447 3332 ut
1461 3257 1546 3331 alter
1560 3257 1657 3331 alteri
1675 3255 1943 3358 responderetg'

573 3382 617 3431 eo
635 3357 705 3431 fere
717 3356 851 3437 modo,
879 3378 953 3452 quo
968 3347 1127 3427 lsiailitae
1144 3357 1182 3428 &
1194 3350 1397 3430 israelitides
1415 3352 1477 3429 sibi
1495 3356 1664 3437 invicem,
1691 3352 1769 3455 poll
1780 3352 1926 3456 supera-

572 3476 649 3525 tum
667 3477 759 3523 mare
771 3446 947 3547 algosum,
966 3449 1079 3536 Exod.
1092 3477 1163 3535 xv:
1183 3476 1221 3535 i,
1240 3477 1370 3528 21.aut
1385 3450 1583 3526 Sacerdotes
1598 3454 1635 3524 &
1647 3455 1780 3528 Levitae
1791 3455 1827 3527 in
1840 3456 1926 3536 fun·

572 3547 714 3619 datione
724 3543 868 3642 Templi
884 3539 1042 3623 secundi,
1065 3537 1143 3618 Ezr.
1162 3570 1226 3625 iii
1243 3576 1253 3621 t
1273 3574 1331 3624 ii.
1384 3554 1465 3639 Qua
1484 3574 1520 3620 re
1543 3552 1580 3622 &
1597 3549 1727 3625 ordinis
1740 3552 1926 3648 concinni..

573 3663 650 3726 tas,
677 3644 715 3715 &
733 3640 928 3726 animorum
941 3634 1120 3713 consensus
1135 3640 1334 3718 declaratur.

395 3784 477 3855 m·
488 3781 567 3846 Μ
672 3740 778 3813 ΧΙΧ.
804 3736 949 3810 Materia
968 3732 1035 3810 sive
1046 3752 1289 3852 argumentum
1309 3741 1468 3814 clamoris
1482 3737 1536 3852 est·
1548 3736 1708 3825 sofonapla
1726 3742 1926 3842 pulcherri.

395 3887 442 3923 αν
454 3865 558 3920 arcam
574 3863 660 3921 ma,
688 3860 759 3940 qua
771 3837 962 3937 Jiciiovaii
987 3837 1172 3911 Ssraorii
1190 3832 1372 3951 sanctitatis
1392 3840 1429 3911 dc
1446 3837 1568 3937 gloriae
1584 3835 1652 3913 suae
1666 3843 1807 3915 nomine
1825 3842 1924 3922 celes

395 3938 507 4077 gebim
521 3934 685 4007 Sebranr.
736 3937 820 4005 Vox
840 3930 988 4006 Hebraea
1011 3921 1142 4024 'Ml
1173 3932 1306 4102 duplici
1341 3930 1437 4007 sensu
1463 3930 1658 4047 usurpatur.
1706 3937 1923 4037 Plerumque

413 4014 486 4077 ‘'⁸³'‘
572 4036 728 4109 exercitur
750 4022 817 4099 sive
834 4031 959 4123 agnaina
980 4052 1101 4113 notat,
1129 4054 1203 4127 quo
1246 4030 1450 4128 probatione
1463 4056 1533 4105 non
1546 4031 1691 4133 indiget.
1742 4034 1922 4132 Aliquan-

572 4138 622 4203 do
641 4124 807 4209 &starum
823 4144 963 4221 tmiput,
983 4131 1096 4203 Num.
1114 4153 1179 4203 iv:
1199 4148 1258 4220 23.
1284 4147 1359 4211 mu
1376 4125 1476 4214 Μὴ
1499 4149 1578 4214 mn
1598 4134 1725 4204 veniens
1740 4136 1782 4205 ad
1801 4131 1921 4212 ubetem

569 4227 757 4303 aamvicem
766 4220 879 4311 sumn,
897 4227 1006 4296 Num.
1017 4248 1059 4298 vi
1071 4249 1085 4300 i
1096 4248 1134 4299 ir
1151 4244 1208 4315 25.
1236 4243 1378 4316 mun
1398 4244 1501 4310 mun
1519 4247 1605 4310 aiut
1616 4232 1740 4304 decedet
1751 4226 1921 4313 asiaticae

569 4316 1060 4416 livellarotemporeminilerii.
1085 4320 1220 4395 Eodem
1231 4322 1408 4397 retulerim
1418 4322 1562 4423 Job.x:
1587 4346 1642 4408 ¹7·
1670 4345 1758 4409 Nm
1781 4322 1920 4416 mpibn

570 4439 639 4511 inu
667 4416 887 4517 aiciffitedi'aes
911 4419 954 4496 ό*
983 4416 1104 4514 starian
1124 4437 1245 4522 torpet
1271 4417 1347 4544 siae
1372 4426 1457 4522 apud
1480 4444 1545 4497 irre.
1596 4425 1676 4496 Hoc
1699 4422 1747 4498 cst
1767 4468 1780 4506 ,
1803 4447 1920 4597 upuupp

1779 4544 1837 4601 ma
