4667 5442
659 879 725 967 Dc
751 876 940 975 Urrrrr.
966 881 1466 973 Snucrrr.Docrn1un
1499 883 1675 971 Scrrnr.
1770 894 1850 992 655

498 1042 558 1117 uel
569 1043 733 1140 Angelus,
757 1047 813 1121 uel
824 1046 1060 1142 Archangelur,
1084 1046 1138 1120 vel
1156 1047 1224 1120 alia
1240 1048 1415 1142 hujusmodi
1422 1047 1556 1147 potestas
1573 1050 1630 1123 hoe
1640 1046 1865 1143 polliceretur,

498 1146 690 1216 conveniens
708 1139 781 1233 effer
798 1147 954 1218 nonnullos
966 1143 1112 1238 baefitare.
1161 1148 1279 1245 Qum
1297 1166 1403 1221 aurem
1423 1146 1549 1236 summa
1564 1142 1691 1237 effertis
1710 1197 1722 1225 ,
1746 1147 1790 1219 ὁ*
1809 1165 1848 1214 ea

499 1242 626 1409 Zpdem
645 1263 709 1337 que
730 1244 842 1316 donum
878 1242 934 1315 hoc
954 1242 1072 1335 largita
1085 1239 1148 1326 est,
1174 1248 1272 1317 eriam
1284 1262 1344 1339 per
1356 1269 1394 1318 ea
1412 1268 1476 1335 que
1493 1269 1547 1318 nos
1561 1266 1653 1318 orare
1662 1242 1766 1338 jaffe,
1789 1265 1846 1334 nq-

533 1339 538 1351 '
565 1333 720 1419 telletur,
744 1343 814 1434 quie
834 1344 957 1412 tandem
975 1342 1013 1410 de
1026 1343 1181 1433 dignitate
1194 1337 1360 1436 ambtget?
1388 1347 1472 1414 Non
1494 1340 1617 1411 dubito
1638 1341 1739 1410 etiam
1758 1337 1845 1435 quin

498 1430 736 1506 testimonium
748 1437 919 1531 Spiritus,
948 1436 1006 1506 ubi
1028 1431 1172 1532 praesens
1194 1435 1260 1521 est,
1288 1461 1359 1511 tam
1372 1435 1494 1512 illustri
1513 1435 1655 1511 coelestis
1673 1436 1760 1506 lucis
1782 1458 1844 1505 co-

497 1525 688 1604 ruscatione
700 1533 736 1602 in
756 1534 878 1603 animis
897 1527 1050 1603 fidelium
1068 1527 1243 1627 splendeat
1260 1557 1298 1606 ut
1319 1541 1434 1606 Deum
1449 1528 1511 1606 elle
1527 1534 1588 1629 qui
1601 1531 1757 1627 loquitur
1767 1529 1843 1627 pla·

496 1624 631 1701 nilsrme
648 1624 921 1722 persuadeantur.
972 1638 1019 1700 At
1040 1632 1141 1725 cupio
1154 1631 1271 1702 audire
1290 1655 1334 1704 ex
1346 1629 1545 1703 hominibus
1557 1630 1646 1726 piis,
1675 1652 1748 1722 quo
1764 1627 1843 1698 m'o-

496 1722 548 1794 do
566 1724 603 1794 in
622 1718 655 1793 se
671 1720 905 1797 testimonium
926 1724 1014 1797 illud
1032 1727 1271 1822 experiantur,
1299 1751 1340 1800 an
1352 1752 1412 1823 per
1427 1726 1574 1800 modum
1592 1731 1683 1796 astus
1698 1723 1841 1809 alicujus

495 1820 679 1905 continui,
706 1844 747 1891 an
765 1821 1019 1893 intermittentis
1039 1822 1210 1918 quidem,
1239 1818 1297 1896 sed
1314 1824 1445 1921 oppido
1467 1822 1660 1919 frequenter
1681 1820 1842 1917 repetiti3

493 1916 684 1999 aurarius,
712 1919 749 1988 &
770 1943 831 2014 per
848 1919 952 2016 longa
974 1918 1152 1991 intervalla
1167 1945 1204 1992 ac
1219 1914 1421 2017 spiramenta
1431 1941 1628 2016 temporum
1646 1914 1839 1989 dulcillrmo

492 2009 604 2087 isthoc
626 2013 784 2111 alloquio
805 2014 868 2087 frui
890 2012 967 2111 ipsis
991 2017 1179 2116 contingat.
1233 2018 1270 2091 Si
1288 2040 1468 2114 perpetuo,
1496 2039 1554 2088 aut
1576 2012 1842 2111 frequentissime

494 2129 569 2181 tam
582 2110 741 2201 jucundae
754 2110 992 2187 familiaritatis
1003 2116 1210 2187 commercio
1224 2122 1432 2201 mastentur3
1458 2112 1609 2210 estquod
1623 2106 1683 2209 ipsr
1694 2107 1839 2209 insignes
1918 2125 1922 2132 '

493 2208 577 2279 Deo
597 2210 722 2377 gratias
743 2231 856 2307 agant.
910 2215 1037 2308 Neque
1056 2206 1162 2283 caulla
1184 2213 1252 2285 dici
1269 2211 1378 2310 potest
1396 2237 1455 2286 cur
1474 2211 1532 2283 alii
1555 2232 1625 2281 tam
1646 2203 1839 2280 inusitatam

494 2304 542 2377 iis
561 2301 596 2377 fe
611 2304 764 2377 icitatem
777 2305 964 2380 invideant.
1015 2312 1063 2380 At
1072 2332 1188 2404 neque
1201 2303 1261 2406 ipsr
1271 2310 1452 2383 temerario
1465 2306 1595 2399 judicio
1609 2299 1759 2395 injuriosi
1776 2298 1840 2375 srnt

492 2401 534 2474 in
545 2404 747 2500 progeniem
767 2398 918 2477 filiorum
936 2406 1003 2476 Dei
1025 2451 1036 2488 ,
1065 2408 1193 2502 quibus
1217 2431 1288 2479 non
1309 2406 1391 2479 lieet
1410 2403 1474 2478 elle
1490 2426 1562 2477 tam
1574 2402 1682 2475 beatis
1700 2426 1712 2488 3
1735 2421 1775 2472 ut
1793 2398 1840 2471 de

490 2517 567 2571 tam
580 2496 763 2595 frequenti,
778 2499 907 2573 nedum
917 2524 1083 2600 perpetuo
1097 2505 1243 2598 Spiritus
1253 2501 1449 2577 testimonio
1484 2501 1671 2575 lorientur:
1699 2500 1840 2596 &quo-

489 2618 574 2668 rum
596 2590 680 2668 fides
698 2595 904 2695 plerumque
934 2625 1003 2672 non
1025 2598 1070 2672 est
1087 2598 1204 2681 echo,
1227 2624 1285 2673 aut
1302 2625 1442 2697 repercu
1471 2626 1504 2670 ro
1527 2599 1650 2670 interni
1678 2592 1773 2667 istius
1794 2591 1840 2662 de

489 2712 715 2789 peccatorum
736 2690 875 2768 suorum
895 2696 1085 2769 remissione
1098 2696 1271 2791 alloquii,
1301 2694 1359 2768 sed
1377 2690 1520 2768 allensus
1539 2691 1756 2790 Evangelio,
1785 2690 1838 2760 uti

488 2813 512 2860 a
534 2786 671 2861 Christo
685 2793 765 2864 &A
793 2789 910 2865 ostolis
930 2794 1177 2889 praedicatum,
1201 2796 1238 2865 &
1256 2792 1410 2866 instinctu
1421 2792 1567 2888 Spiritus
1580 2790 1691 2864 sandi
1711 2782 1838 2884 scripto

490 2881 727 2983 consignatum
748 2817 805 2961 el.
857 2896 1027 2962 Ponamus
1047 2913 1152 2970 vero,
1172 2888 1306 2963 dudum
1319 2887 1381 2960 elle
1392 2888 1491 2986 quod
1500 2883 1610 2959 fidelis
1628 2885 1754 2982 aliquis
1765 2906 1837 2955 tam

490 2981 625 3056 dulciS
651 2985 748 3056 iritus
765 2985 923 3080 alloquio
937 2979 1071 3082 gavisus
1092 2980 1156 3072 [ιτς
1181 3012 1224 3059 an
1249 2987 1343 3059 illius
1363 2988 1529 3057 memoria
1548 3005 1620 3057 tam
1642 2982 1709 3056 alte
1730 2978 1839 3051 menti

487 3081 603 3178 impre
629 3107 649 3153 a
670 3104 810 3162 manet,
839 3105 877 3154 ut
895 3083 968 3178 post
987 3081 1194 3180 prolixiores
1214 3109 1328 3156 moras
1346 3083 1465 3155 eadem
1490 3081 1576 3155 lucis
1597 3076 1665 3153 suae
1685 3077 1838 3152 claritate

489 3173 624 3273 semper
642 3180 758 3251 animo
780 3178 998 3260 obversetur,
1027 3203 1139 3278 neque
1154 3179 1296 3254 subinde
1316 3178 1496 3253 dubitandi
1513 3179 1661 3252 rationes
1675 3174 1838 3247 oborian-

487 3295 547 3348 tur
558 3320 570 3354 ‚
598 3275 724 3373 ecquid
742 3272 872 3348 fortalle
892 3275 949 3349 sua
968 3273 1000 3349 se
1019 3280 1266 3378 imaginatione
1288 3277 1467 3359 fefellerit,
1495 3283 1607 3372 &pro
1620 3272 1838 3368 dictatoSpi·

471 3372 577 3444 'ritus
596 3376 794 3469 arripuerit,
822 3375 920 3472 quod
939 3372 1082 3448 nonnisi
1097 3376 1249 3474 deceptae
1263 3377 1386 3449 mentis
1397 3371 1630 3446 suaviludium
1642 3366 1736 3444 erati
1763 3371 1839 3438 Mi·

487 3465 528 3541 hi
544 3463 620 3540 sane
633 3493 668 3541 m
685 3493 763 3541 cura
778 3472 992 3555 animarum,
1046 3497 1126 3544 uam
1141 3498 1230 3547 nunt
1254 3472 1343 3544 ultra
1362 3469 1586 3568 quadraginta
1608 3489 1716 3539 annos
1740 3458 1838 3534 susti-

489 3589 587 3646 neo,
614 3590 684 3636 non
699 3590 775 3635 raro
799 3567 835 3636 id
855 3591 962 3663 genus
982 3499 1208 3638 hassrtationes
1227 3593 1270 3639 ex
1288 3570 1330 3638 iis
1358 3567 1475 3637 audire
1497 3564 1666 3660 contigit,
1693 3559 1737 3630 de
1756 3558 1839 3725 qpi·

489 3661 557 3734 bus
576 3657 715 3753 sequius
735 3655 920 3755 suspicandi
941 3664 1089 3733 rationes
1108 3662 1219 3733 nullas
1237 3661 1416 3732 habebam.
1466 3665 1641 3731 Caeterum
1654 3678 1762 3752 quum
1799 3676 1839 3723 a·

438 3811 440 3816 -
485 3757 581 3830 bitus
598 3757 764 3826 virtutum
785 3753 1051 3828 Christianarum
1067 3777 1306 3853 permanentes
1327 3752 1412 3841 [ιιιτς
1440 3755 1599 3852 quamvis
1620 3776 1689 3823 non
1712 3749 1838 3822 eodem

486 3850 623 3947 semper
662 3849 746 3922 radu
762 3847 907 3937 astuosr,
932 3875 1111 3950 quumque
1135 3877 1203 3926 non
1226 3876 1345 3924 eorum
1363 3850 1506 3950 aequalis
1524 3853 1690 3923 continuo
1708 3846 1839 3942 viendi-

486 3975 566 4031 tas,
595 3875 660 4020 sed
675 3942 874 4031 sinceritas,
901 3948 1066 4021 indicium
1084 3952 1203 4047 gratiae
1222 3946 1290 4036 [ιτς
1323 3974 1433 4047 quum
1454 3949 1605 4045 denique
1621 3969 1692 4018 non
1714 3942 1838 4017 admo·

489 4051 577 4121 dum
600 4045 737 4119 difficile
755 4038 794 4116 [ιτ
817 4044 951 4118 homini
979 4045 1201 4146 dignoscere,
1264 4072 1312 4119 uo
1333 4045 1442 4122 modo
1463 4068 1542 4144 erga
1561 4049 1678 4116 Deum
1700 4033 1838 4114 affectus

489 4142 558 4231 [ιτς
584 4146 683 4216 &ex
710 4166 783 4240 quo
809 4145 1008 4240 principio,
1038 4168 1110 4241 quo
1131 4072 1339 4243 propobto,
1365 4146 1400 4216 in
1434 4145 1502 4216 Dei
1524 4141 1620 4215 cultu
1642 4141 1679 4212 δι
1697 4140 1836 4212 virtutis

488 4242 655 4315 exercitio
682 4233 858 4313 versetur:
886 4243 1092 4340 plerumque
1112 4244 1262 4340 comperi
1293 4242 1372 4339 plus
1402 4236 1522 4314 solidae
1552 4238 1836 4335 &permanentis
1914 4252 1920 4265 ·
1959 4243 1966 4252 “

487 4337 749 4435 tranquillitatis
770 4338 866 4433 gigni
890 4363 932 4410 ex
955 4361 1121 4435 perpetuo
1149 4339 1261 4411 studio
1282 4338 1382 4411 bonae
1399 4332 1613 4410 conscientiae
1637 4328 1837 4407 conservan-

485 4438 565 4518 dae,
589 4458 694 4533 quam
714 4459 757 4505 ex
769 4434 934 4507 memoria
947 4434 1062 4508 nubila
1074 4438 1191 4512 Divisi
1203 4436 1244 4507 ad
1259 4436 1407 4507 animam
1418 4434 1586 4532 alloquii,
1614 4431 1712 4531 quod
1724 4431 1760 4502 in
1771 4452 1838 4501 no·

487 4533 548 4608 llri
568 4532 632 4606 aevi
652 4529 851 4604 hominibus
866 4528 1066 4604 Christianis
1083 4557 1154 4606 non
1173 4528 1261 4605 solet
1274 4525 1337 4604 elle
1354 4532 1610 4606 creberrimum.
1662 4527 1761 4602 Beati
1780 4524 1835 4600 illi

485 4629 706 4730 quibuscum
717 4626 826 4701 Paulo
840 4626 921 4702 licet
934 4625 1047 4701 dicere
1062 4656 1071 4702 ι
1099 4629 1259 4719 Θίιτὶατὶρ
1271 4628 1374 4713 nestra
1388 4629 1448 4704 buc
1459 4623 1532 4711 ess
1548 4625 1752 4713 euenum
1762 4646 1837 4697 corr·

478 4719 756 4824 sciertr‘aenostre,
781 4728 863 4821 quod
882 4749 952 4798 cam
962 4721 1165 4821 fimplr'citare
1183 4728 1226 4804 es*
1245 4723 1425 4817 fineetr‘rare
1446 4727 1535 4806 Dei,
1553 4749 1613 4799 non
1628 4748 1699 4798 crau
1708 4720 1837 4817 sapien·

481 4830 536 4902 ria
553 4819 676 4896 cunali
686 4872 697 4901 ,
708 4819 763 4911 sed
774 4825 959 4919 cumgratia
972 4825 1044 4898 Dei
1053 4820 1174 4913 versare·
1187 4822 1293 4912 samur
1305 4826 1470 4915 inmrmlo.
1485 4829 1601 4900 acor.
1615 4845 1652 4900 ιι
1666 4844 1722 4896 12.

1713 4911 1828 4993 xlx.
