4667 5442
634 492 984 589 Htsronrn
1040 491 1570 599 Htonosotrrtn.
1707 491 1808 629 305

456 651 616 732 Moahile
632 658 718 732 diua
736 687 746 729 :
771 678 863 731 tanta
874 655 1091 772 fingitivorum
1106 657 1272 754 fnbmctfto
1286 658 1377 748 fabia
1394 658 1454 744 cli,
1479 682 1516 736 nt
1527 682 1594 737 cam
1604 643 1730 762 spatioso
1741 665 1807 761 flu·

455 759 548 828 minio
562 778 648 853 aquo
670 775 734 849 pra
763 776 812 829 tot
836 757 963 829 mollium
979 754 1160 852 corporibus
1184 774 1245 850 per
1264 756 1461 853 aliquantum
1480 780 1599 854 tempas
1620 767 1728 835 videri
1745 786 1807 835 noct

451 849 584 947 poffcnt.
632 854 817 942 Interieiiis
839 853 993 949 pauculis
1012 855 1062 925 ita
1073 855 1185 951 pergit
1205 876 1214 922 c
1241 857 1293 925 Sic
1309 878 1420 929 mancos
1439 861 1575 931 Domini
1591 880 1701 931 contro
1716 878 1810 956 perc·

448 953 561 1042 grinos
578 946 637 1040 effic
652 954 798 1023 creditur
807 993 819 1031 ,
844 954 900 1044 qui
915 949 1005 1023 nilnc’c
1027 953 1234 1022 immundiciis
1254 952 1296 1024 ub*
1313 951 1487 1037 fornicario
1503 954 1667 1028 concubitu
1683 959 1716 1027 in
1734 980 1805 1029 con·

431 1044 551 1140 *spectu
568 1048 635 1140 ejus
643 1064 876 1140 peccaverance
902 1045 1084 1137 &ericodes
1104 1051 1260 1139 Judoon
1284 1047 1359 1119 licet
1389 1048 1721 1133 conmemoratio,
1746 1071 1810 1148 pc·¹
1838 1116 1839 1119 ,

451 1146 548 1214 cunco
567 1145 712 1216 avaricia
740 1148 867 1235 magio,
904 1167 997 1241 quom
1012 1163 1073 1240 pro
1086 1141 1216 1233 justitia
1238 1145 1398 1225 Domini,
1422 1150 1522 1238 grani
1542 1152 1618 1221 code
1647 1147 1803 1222 montoc-

452 1257 543 1313 rcnr.
593 1240 711 1337 Quen
725 1236 828 1326 justus
841 1240 944 1332 juder
964 1239 1009 1327 fic
1030 1244 1194 1315 Dominus
1218 1292 1229 1320 ,
1261 1245 1305 1314 (r
1323 1245 1475 1314 neminem
1493 1247 1634 1318 inoicooc
1654 1265 1711 1317 aut
1728 1270 1801 1319 coc·

452 1332 537 1408 eum
554 1342 596 1409 ad
605 1337 721 1430 jugam·
729 1334 807 1422 fidei
827 1336 990 1409 &tboiico
1000 1333 1117 1426 iubeat
1132 1340 1255 1409 venire.
1306 1340 1550 1411 furconino
1563 1339 1802 1427 scelcndetesto·

449 1428 518 1502 bile
536 1435 572 1504 in
590 1434 649 1506 bac
663 1435 898 1526 congregatione
910 1431 1058 1525 pedestri
1078 1431 1188 1529 populi
1204 1429 1298 1513 flulti
1317 1436 1360 1507 (θ’
1380 1433 1503 1522 vascone
1531 1436 1692 1519 levitam,
1717 1439 1800 1536 quod

449 1529 594 1603 Domino
614 1524 748 1610 odibile,
772 1532 815 1601 cb·
827 1526 967 1603 omtdbnc
973 1523 1122 1616 fidelibus
1139 1525 1322 1602 incredibile
1338 1555 1397 1603 non
1416 1526 1592 1609 dubitatur.
1643 1534 1795 1623 Anserem

448 1630 603 1720 quendam
615 1628 739 1701 Divino
752 1624 865 1720 spiritu
877 1622 1051 1717 efferebant
1071 1622 1232 1720 afflictum,
1257 1628 1300 1699 (φ
1324 1626 1469 1721 capellum
1491 1653 1552 1700 non
1570 1632 1671 1702 minuc
1686 1635 1794 1704 eodem
1929 1628 1932 1634 ’

450 1721 625 1816 reputato,
648 1725 692 1797 ά·
709 1722 766 1794 bac
782 1718 846 1811 fibi
860 1727 953 1795 duces
970 1721 1208 1815 bujncfecundae
1226 1724 1286 1794 via
1298 1718 1487 1811 fecerantin
1508 1724 1702 1819 Jerusalem,
1720 1751 1798 1825 quac
1921 1783 1925 1792 .

449 1820 651 1893 &nimian
667 1815 902 1891 venerabuntur
919 1872 931 1900 ,
960 1843 998 1891 cc
1015 1818 1137 1903 bestiali
1156 1842 1246 1890 more
1269 1818 1325 1896 bic,
1335 1817 1533 1892 intendebant
1548 1846 1591 1894 ex
1607 1841 1678 1894 coca
1699 1824 1801 1897 animi

448 1916 636 1989 intencione.
687 1920 801 1987 Tanta
820 1914 901 2012 palii
921 1911 997 1989 sunt
1008 1916 1161 1990 Cruciati
1180 1937 1362 2011 antequam
1372 1913 1665 2015 Constantinopolim
1676 1944 1801 2017 perne·

447 2010 523 2082 nire
543 2013 733 2110 potuerint.
783 2016 860 2084 Nec
881 2011 1017 2085 felicius
1032 2014 1075 2085 iis
1090 2014 1202 2093 ceffit,
1230 2037 1340 2108 quum
1360 2014 1432 2085 indc
1450 2011 1565 2086 versus
1586 2014 1707 2089 Tantos
1720 2041 1800 2090 mo·

447 2127 580 2180 vetent.
631 2116 755 2183 Ptaeter
774 2103 914 2181 suorum
926 2108 1215 2206 quasadducebat
1233 2108 1398 2205 reliquias
1411 2110 1605 2183 inveniebat
1618 2113 1703 2185 circa
1716 2122 1799 2186 Con·

437 2198 677 2301 stantinopolim
700 2216 820 2282 Petrus
840 2209 987 2279 Brennica
1005 2204 1137 2278 multos
1152 2204 1348 2278 Lombordoc
1367 2208 1405 2277 δι
1427 2204 1700 2300 Langobardos&
1718 2209 1799 2282 Alc·

449 2324 601 2378 mannos,
626 2302 814 2377 adventum
829 2298 932 2399 ipsius
954 2296 1193 2399 exspectantes.
1244 2306 1291 2373 At
1303 2303 1372 2374 dici
1387 2303 1447 2374 vix
1463 2301 1575 2400 potest
1595 2329 1701 2401 quam
1713 2331 1799 2403 pro-
1844 2303 1847 2308 ’

450 2419 546 2470 terve
561 2393 810 2498 seucnequitet
821 2395 1000 2497 gesserint,
1028 2398 1222 2495 praedantes
1237 2396 1472 2496 vastantesque
1484 2398 1625 2482 hortos,
1653 2401 1795 2485 domos,

447 2495 605 2593 palatia,
633 2495 724 2569 aedes
744 2519 888 2594 quoque
904 2492 1031 2578 sactes,
1059 2517 1098 2570 ut
1113 2498 1177 2568 vix
1197 2490 1258 2592 ipsr
1277 2501 1427 2569 Saraceni
1447 2494 1598 2569 infestius
1619 2522 1697 2570 cum
1710 2505 1800 2574 Gra·

446 2596 494 2663 cit
509 2615 609 2691 agere
628 2597 817 2690 potuerint·
869 2592 1007 2681 Quibus
1031 2593 1180 2690 cognitis
1211 2593 1328 2690 co'e‘git
1351 2616 1413 2664 eos
1443 2600 1630 2688 imperator
1657 2597 1798 2669 Aietius

447 2696 623 2762 Coronenat
641 2692 793 2780 trajicere
808 2687 931 2763 fretum
950 2687 1041 2761 illud
1051 2687 1150 2787 quod
1165 2690 1337 2762 liracbinm
1347 2688 1454 2761 canni
1465 2694 1598 2784 Georgii
1608 2691 1796 2767 dicebatur.

450 2782 527 2859 Ubi
568 2787 639 2866 ati,
667 2809 727 2858 out
736 2786 857 2874 mojori
867 2789 984 2859 cuncta
991 2785 1200 2883 populantes
1211 2780 1411 2870 insolentia,
1439 2779 1535 2859 brevi
1552 2788 1655 2859 etiam
1669 2783 1798 2862 discor·

444 2880 516 2953 diis
536 2811 726 2980 litibusque
748 2881 886 2975 sejuncti
905 2928 916 2965 ,
943 2883 1058 2980 ptaeda
1078 2878 1233 2953 hostibus
1244 2880 1319 2954 faui
1336 2880 1422 2955 sunt.
1471 2886 1618 2956 Temere
1630 2882 1718 2959 ultra
1726 2888 1794 2960 Ni·

444 3003 539 3052 caarn
559 2980 747 3078 progressi,
768 2999 902 3075 reperto
912 2980 948 3051 in
965 2979 1088 3057 vicinia
1108 2978 1242 3077 oppido
1254 2980 1378 3055 incolis
1397 3004 1526 3062 vacuo,
1555 2976 1613 3052 sed
1635 2984 1731 3054 omni
1741 3006 1797 3055 re·

445 3099 526 3151 ntm
546 3078 753 3150 abundantia
764 3076 891 3148 affatim
909 3075 1089 3158 lustrabo,
1116 3078 1221 3173 genio
1238 3076 1477 3176 indulgentes,
1504 3075 1655 3150 hostium
1673 3074 1794 3162 securi,

445 3170 574 3247 hilares
591 3173 728 3270 aliquot
746 3174 819 3246 dies
832 3168 1078 3269 transegerunt.
1129 3175 1213 3259 Quo
1226 3193 1404 3268 comperto
1425 3195 1549 3267 magna
1568 3175 1601 3245 in
1624 3197 1684 3246 eos
1702 3171 1797 3246 mili·

444 3291 524 3341 tum
544 3292 649 3341 manu
662 3271 831 3343 irruerunt
847 3270 981 3342 Turta:
1010 3271 1248 3361 nogionem,
1272 3291 1377 3361 quem
1397 3264 1456 3338 fibi
1475 3269 1644 3365 peregrini
1668 3269 1794 3342 ducem

442 3365 697 3466 praefecerant,
723 3368 811 3439 intra
833 3388 946 3436 arcem
976 3362 1010 3436 fu
1037 3385 1166 3442 arunt,
1195 3360 1314 3433 multis
1340 3363 1737 3468 interemtisereliquos
1758 3367 1795 3438 in

445 3487 524 3534 arce
539 3457 687 3534 obsellos
706 3487 816 3573 aquae·
822 3462 965 3559 penuria
988 3387 1037 3533 ab
1062 3480 1215 3535 extrema
1235 3457 1469 3556 redegerunt,
1498 3454 1540 3533 stc
1563 3482 1603 3532 ut
1618 3462 1795 3550 jumento·

445 3584 526 3637 rum
548 3554 687 3630 suorum
702 3556 921 3657 sangumem,
947 3551 1117 3655 suumque
1135 3575 1195 3627 aut
1213 3550 1387 3628 sociorum
1404 3554 1560 3638 lotium,
1588 3555 1719 3630 foedum
1739 3558 1793 3629 di·
1878 3617 1881 3622 .
1970 3631 1985 3662 ,²

445 3654 530 3730 eu!
556 3653 674 3729 bibere
695 3677 909 3754 cogerentur.
960 3660 1045 3727 Non
1063 3652 1145 3726 tulit
1158 3650 1225 3724 hoc
1245 3652 1473 3746 Raginolduc,
1505 3650 1614 3725 horno
1642 3654 1733 3727 iners
1755 3676 1795 3730 te

447 3753 538 3828 nulli
552 3753 628 3835 tei,
654 3746 714 3824 sed
735 3751 975 3849 transfitgatd
995 3749 1260 3830 tortosanus,
1286 3749 1438 3839 abjurata
1464 3748 1526 3823 reli
1553 3750 1655 3832 ione,
1683 3746 1795 3826 socios

446 3849 630 3949 prodidit:
683 3874 809 3922 uorum
821 3849 882 3921 alii
901 3849 938 3920 in
958 3845 1227 4016 deszerationem
1239 3840 1322 3917 versr
1335 3772 1596 3920 christianillno
1616 3848 1794 3922 renuncia·

446 3969 553 4028 runt,
580 3946 639 4019 alii
656 3874 786 4043 litgittis
796 3940 973 4027 transfixi,
1000 3970 1020 4017 a
1035 3945 1115 4015 iove
1128 3942 1249 4015 mortis
1263 3964 1386 4040 genere
1398 3944 1528 4025 necati,
1555 3945 1707 4041 periere,
1730 3943 1792 4019 alii

445 4040 513 4118 sub
525 4040 652 4116 hastam
672 4043 757 4114 miffi
774 4042 941 4117 durorum
954 4040 1178 4113 dominorum
1197 4036 1281 4110 vilia
1300 4037 1375 4109 fatti
1394 4033 1471 4112 sunt
1484 4041 1665 4140 mancipia.
1717 4045 1793 4115 Hoc

421 4142 590 4213 'victoria
608 4139 811 4213 ferocientes
830 4140 938 4213 Tucca
953 4138 989 4209 in
1006 4136 1148 4209 alteram
1167 4136 1336 4207 exercitus
1354 4154 1485 4230 partem
1505 4180 1517 4218 ,
1545 4139 1600 4209 cui
1621 4137 1792 4212 cuonem

428 4240 626 4337 'praeeran
654 4255 838 4310 moverunt
855 4261 867 4320 ς
892 4257 1043 4329 eumque
1064 4255 1142 4306 cum
1165 4229 1287 4303 multis
1315 4231 1393 4303 aliis
1411 4229 1545 4307 fortiter
1566 4233 1790 4308 dimicantem

444 4332 687 4420 trucidarunt3
711 4332 877 4431 diffipttis
902 4331 1044 4403 caeteris.
1094 4327 1211 4400 Lubet
1234 4323 1321 4399 hanc
1339 4329 1566 4403 narrationem
1586 4328 1793 4406 concludere

445 4424 687 4608 oblesstione
704 4429 848 4508 Baldrici
863 4420 1133 4529 Aschiepilcopi.
1143 4428 1290 4613 Qlicor,
1309 4422 1454 4524 inquin
1477 4430 1600 4522 modico
1614 4446 1796 4525 temptant

574 4549 635 4603 ou·
659 4530 712 4603 ΙΙ.
1203 4542 1229 4622 q
1693 4526 1793 4597 mter·

1812 4773 1835 4810 Ι
