4667 5442
620 510 757 620 178·
859 413 1725 592 exercitia-mlx

615 664 702 735 riam
724 662 771 733 rei
793 660 917 732 eodem
933 682 1087 756 tempore
1108 657 1222 756 gestae.
1274 659 1342 733 vel
1364 655 1487 732 certesr
1505 654 1575 757 ipse
1592 657 1717 759 Jethto
1733 647 1901 734 reversus
1910 679 1975 732 non

614 753 671 839 s1t,
700 758 822 855 posteri
840 754 964 855 ipsius,
992 760 1138 852 paternis
1154 759 1297 829 monitis
1318 759 1479 837 excitati,
1507 753 1666 830 Israelitis
1677 751 1710 827 se
1721 755 1974 849 adjunxerunt.

614 855 670 926 Ab
694 875 735 926 eo
755 856 845 927 enim
866 877 1019 952 tempore
1032 850 1313 939 Kenitaallociati
1331 854 1466 926 fuerunt
1481 853 1615 950 populo
1633 852 1844 943 Israeliticot
1871 852 1973 924 bene·

482 984 486 992 ·
614 945 700 1024 liciis
719 949 864 1118 puidam
892 952 964 1041 ejus
988 952 1167 1033 fruentes,
1196 946 1238 1025 stc
1257 974 1372 1024 tamen
1390 972 1429 1021 ut
1451 947 1605 1022 distincta
1622 948 1757 1047 semper
1777 949 1831 1023 ab
1856 943 1974 1024 rstaele

641 1072 700 1119 ens
732 1070 853 1121 uennt.

470 1206 479 1225 .
519 1069 658 1218 uano-g.
717 1149 761 1216 V.
788 1150 904 1243 Atque
924 1140 1011 1216 banc
1033 1167 1151 1214 eorum
1166 1164 1237 1214 tam
1254 1139 1472 1238 prudentiam
1490 1167 1597 1241 quam
1620 1137 1832 1215 felicitatem
1854 1139 1973 1216 lauda·

471 1240 513 1293 ine
542 1256 593 1295 2¹¹⁴·
620 1241 672 1311 vit
688 1240 862 1315 Bileamua.
917 1242 1027 1328 Cujus
1045 1238 1111 1310 hoe
1139 1238 1183 1308 de
1195 1240 1237 1310 iis
1260 1237 1366 1311 exstat
1393 1240 1592 1311 oraculum:
1619 1243 1731 1310 Num.
1750 1263 1890 1314 xxiv:
1913 1263 1969 1313 21.

619 1337 737 1434 Qum
756 1363 833 1410 aero
856 1337 1023 1431 adspiceret
1039 1341 1209 1422 Kenaum,
1228 1331 1394 1430 proferens
1404 1335 1593 1423 semetttiam
1602 1332 1695 1420 suam
1715 1338 1809 1409 uixit
1834 1361 1846 1408 t
1873 1340 1968 1410 forte

618 1432 660 1516 est
678 1431 891 1505 habitaculum
909 1452 1019 1511 tuum,
1044 1435 1086 1505 (φ
1098 1431 1227 1525 posuzsli
1245 1439 1276 1501 in
1289 1449 1382 1522 petra
1399 1435 1509 1503 nidum
1528 1450 1625 1503 tutan.
1674 1437 1714 1502 ln
1734 1457 1782 1503 eo
1801 1433 1970 1506 nimirum

617 1529 787 1603 fortitudo
810 1527 995 1601 habitaculi
1017 1524 1169 1624 ipsorum
1186 1526 1389 1607 constabat,
1425 1527 1525 1625 quod
1546 1526 1699 1599 faederati
1720 1574 1732 1611 ,
1760 1525 1857 1602 socii
1870 1552 1971 1626 atque

618 1626 720 1699 amici
734 1619 834 1696 client
850 1624 972 1721 populi
990 1626 1056 1695 Dei
1074 1669 1085 1703 ,
1112 1624 1354 1695 &communia
1368 1619 1487 1695 iiscum
1503 1625 1568 1695 sata
1579 1622 1740 1697 habituri.
1798 1629 1850 1698 Et
1861 1652 1970 1724 quan·

531 1728 533 1735 ’
620 1720 814 1816 doquidem
835 1719 1006 1821 Jehovam
1019 1745 1082 1817 pro
1095 1745 1178 1792 vero
1198 1724 1275 1793 Deo
1289 1716 1541 1816 agnoscebant,
1570 1716 1733 1814 illiusque
1752 1720 1902 1795 cultum
1921 1718 1971 1794 su·

540 1821 544 1831 '
621 1813 798 1913 stipiendo
823 1817 1045 1914 confugerant
1065 1817 1108 1887 ad
1119 1839 1254 1913 petram
1268 1813 1412 1901 salutis,
1436 1813 1648 1890 hincmerito
1671 1817 1844 1891 dicuntur
1853 1819 1972 1892 nidum

619 1909 721 1986 suum
747 1916 783 1985 in
806 1921 902 2011 pet'ra
954 1904 1098 1983 osuille.‘
1135 1913 1260 1984 Sed&
1284 1912 1494 1985 calamitates
1524 1914 1566 1984 iis
1593 1912 1784 2010 praedicit,
1828 1917 1970 2015 quasin

620 2011 864 2081 communione
893 2008 1023 2081 lraelis
1043 2004 1186 2086 subituri
1213 2029 1319 2082 erant.
1369 2010 1424 2083 Sic
1444 2010 1536 2081 enim
1555 2010 1669 2108 pergit
1690 2008 1708 2080 τ’
1725 2014 1894 2086 Attamen
1911 2015 1978 2087 era-

618 2116 714 2205 quu'm
733 2106 909 2202 depascetur
929 2112 1050 2193 Ka'in,
1072 2105 1224 2200 tantisper
1245 2110 1319 2178 dum
1342 2102 1489 2199 Assyrius
1504 2110 1666 2201 captivam
1684 2105 1813 2180 tenebit
1829 2129 1877 2183 te.

441 2211 496 2274 vt.
512 2210 596 2269 Defu-
659 2259 663 2268 .
719 2208 780 2275 Vl.
805 2202 990 2300 Postquam
1010 2199 1168 2275 Israelita
1189 2195 1384 2299 promissam
1410 2223 1534 2300 terram
1554 2226 1831 2299 occupaverant,
1859 2209 1968 2294 Keut'

443 2304 501 2380 ‘ff‘
514 2303 591 2383 pet,
620 2300 725 2373 tribui
743 2304 840 2393 Judae
860 2301 1012 2372 maxime
1036 2296 1280 2379 adhaeserunt,
1309 2296 1440 2371 sortasle
1468 2300 1724 2395 praeeminentia
1746 2305 1788 2376 δι
1808 2302 1971 2377 felicitate

442 2382 532 2497 Ἤ
545 2386 594 2498 αἶ’
620 2395 729 2469 tribus
751 2397 846 2470 illius
863 2396 998 2478 allesti,
1026 2396 1064 2467 δι
1082 2395 1300 2484 adscenderunt
1322 2397 1493 2467 ecferitate
1507 2396 1687 2489 palmariam
1705 2450 1715 2477 ,
1739 2421 1830 2494 quae
1847 2401 1896 2475 est
1913 2405 1970 2502 Je-

441 2437 577 2590 ἕψω,
617 2490 741 2574 richo,
766 2519 837 2567 crem
847 2492 927 2583 filiis
946 2494 1046 2583 Jurae
1061 2498 1095 2565 in
1116 2491 1268 2579 desertam
1286 2496 1413 2585 June,
1458 2498 1519 2564 uod
1538 2493 1580 2571 eli
1598 2498 1640 2566 ad
1656 2491 1831 2577 australem
1845 2499 1885 2596 pl
1923 2521 1970 2571 au

618 2594 768 2670 Haradi,
791 2611 886 2686 arque
898 2587 1085 2662 abierunt
1100 2585 1146 2660 iba·
1163 2613 1234 2661 cam
1251 2587 1365 2685 populo
1385 2515 1465 2689 Jud
1484 2613 1515 2662 1:
1535 2597 1587 2661 16.
1614 2596 1730 2663 Harad
1741 2597 1889 2668 autenti
1914 2619 1967 2668 em

598 2698 602 2704 '
618 2680 714 2760 fuisse
734 2686 882 2759 creditur
894 2710 973 2758 eum
987 2685 1128 2760 anana
1144 2708 1206 2758 aut
1224 2688 1367 2778 angeli,
1390 2687 1510 2758 civitas
1529 2687 1564 2758 in
1578 2688 1743 2760 extremis
1753 2691 1864 2788 Judoe
1876 2693 1968 2766 liuti-

560 2827 567 2846 ,
620 2781 716 2855 tibus
734 2779 825 2862 sita,
859 2784 895 2854 in
919 2787 1026 2854 trastu
1050 2783 1112 2878 qui
1132 2781 1218 2854 nulli
1237 2781 1334 2855 alteri
1362 2781 1536 2855 fertilitate
1558 2783 1704 2859 cederet.
1757 2789 1836 2863 Hie
1856 2791 1967 2878 Kanai

620 2872 724 2953 riostri
744 2874 967 2960 habitabant,
997 2880 1221 2953 extendentes
1232 2874 1263 2949 se
1279 2875 1324 2949 'ad
1334 2873 1477 2952 confinia
1489 2887 1577 2953 Ama
1591 2881 1774 2957 ethicam.
1830 2887 1966 2979 Qpibua

619 2975 739 3047 innexi
762 2997 855 3048 etant
873 2998 1029 3074 tempore
1053 2975 1196 3049 Saulis:
1223 2975 1314 3073 qui,
1340 2971 1455 3072 priscae
1473 2972 1643 3051 societatis
1666 3005 1834 3067 memor,
1862 2984 1968 3059 edixit

620 3092 660 3144 ut
678 3071 779 3144 celeri
791 3071 1001 3171 prestatione
1015 3098 1033 3143 e
1047 3072 1164 3144 medio
1175 3072 1468 3153 Amalecbitarum,
1491 3074 1716 3149 internecioni
1740 3078 1967 3166 devotorum,

619 3165 654 3242 fe
678 3170 871 3267 eriperent,
899 3194 941 3243 ne
959 3195 1078 3242 eorum
1095 3169 1352 3242 involverentur
1369 3170 1490 3243 exitio.
1509 3194 1540 3245 1.
1551 3177 1643 3244 Sam.
1658 3199 1728 3249 xv:
1745 3179 1767 3249 6

442 3284 511 3347 vll.
530 3284 601 3347 Par.
719 3272 797 3342 Vll.
826 3267 897 3342 Alii
918 3274 1110 3352 Kmaeorum
1129 3267 1273 3366 profesti
1290 3266 1487 3354 Kodestlam
1507 3321 1519 3350 ,
1543 3270 1578 3341 in
1598 3268 1688 3342 tribu
1707 3271 1909 3369 Naplttali,
1934 3276 1969 3350 iu

441 3364 491 3420 *im
504 3360 776 3439 babitu-extremo
794 3361 1036 3465 septentrione.
1054 3364 1219 3463 Jud.1v:
1246 3390 1302 3441 ιι.
1354 3372 1387 3437 C
1402 3362 1476 3440 eber
1493 3386 1619 3446 autem,
1643 3372 1817 3456 Kenaut,
1843 3374 1970 3469 spara·

442 3452 593 3573 Jffiffl‘
618 3461 761 3553 vtratse
781 3489 801 3535 a
823 3470 945 3548 Kanna
956 3481 1074 3557 gente,
1098 3466 1137 3534 de
1148 3458 1226 3549 filiae
1245 3458 1496 3553 abalienari
1508 3460 1625 3554 Most.-
1651 3474 1970 3570 tetendervrqmeu·

539 3557 549 3577 ⁰
618 3559 841 3647 toriumsumn
860 3564 900 3633 ad
918 3562 1151 3655 quercetanum
1176 3558 1406 3637 Tcahana't'mit
1428 3605 1439 3639 ,
1466 3566 1548 3657 qued
1569 3559 1610 3644 est
1636 3580 1733 3662 prope
1750 3569 1969 3659 Keneschm.

620 3656 806 3729 Exiiserat
818 3655 917 3753 Ja'e‘l,
943 3650 1095 3728 animosa
1104 3652 1187 3736 illa,
1213 3678 1254 3727 ac
1266 3655 1416 3728 Deborae
1429 3657 1566 3732 laudata
1579 3659 1727 3738 foemina.
1739 3663 1793 3737 ib.
1807 3663 1901 3744 vers
1915 3688 1970 3763 17.

376 3822 385 3835 ‚
440 3749 590 3819 umsax
717 3757 809 3826 VIII.
837 3757 954 3850 Atque
977 3777 1023 3825 ex
1040 3749 1102 3827 ltac
1124 3749 1196 3849 ipsa
1208 3752 1317 3824 domo
1333 3753 1499 3827 oriundos
1519 3754 1709 3834 Rechabitaa
1727 3759 1869 3844 nostroe
1886 3761 1973 3850 elle,

440 3835 601 3977 {3⁸:22}ae
619 3843 729 3923 ass'erit
749 3848 947 3962 clarissimus
962 3857 1163 3962 emamus
1182 3852 1223 3921 ad
1240 3850 1328 3962 jad.
1348 3856 1452 3924 1:16.
1503 3850 1630 3926 Nescio
1646 3878 1760 3930 tamen
1778 3903 1792 3941 ,
1822 3885 1904 3960 quo
1921 3887 1972 3939 at·

441 3983 602 4065 aar
616 3945 1562 4142 amira,retraxeretae¹aa:
1573 3965 1970 4135 narratae:

615 4163 720 4241 atque
736 4164 755 4210 a
774 4143 956 4227 stescin‘s
970 4140 1066 4221 illis,
1094 4145 1156 4238 qui
1175 4138 1366 4217 blacherna,
1394 4168 1432 4215 ea
1450 4145 1584 4217 ratione
1603 4146 1764 4223 videntur
1782 4151 1969 4258 distingui·

614 4238 721 4316 Unde
741 4233 809 4335 ipse
829 4233 895 4311 fefe
908 4239 1048 4338 corrigit
1064 4244 1264 4313 Bannaventa
1278 4247 1318 4313 ad
1344 4242 1459 4314 uelat.
1476 4262 1605 4333 11:55.
1629 4246 1689 4317 ubi
1712 4247 1970 4328 aethaliam

611 4334 747 4436 geneal(
758 4336 848 4431 giam
867 4336 995 4413 areeffit
1012 4336 1056 4413 ab
1080 4337 1124 4412 iis
1140 4338 1204 4438 qui
1219 4339 1325 4413 tribui
1343 4339 1444 4433 θιὼ
1465 4334 1613 4419 associati
1632 4365 1739 4421 etant.
1787 4350 1910 4440 Quod
1930 4353 1969 4426 ἃ

611 4432 826 4536 probabilius
844 4432 905 4515 est.

1823 4545 1897 4624 rx.
1916 4545 1968 4622 tu
