4667 5442
644 510 1113 589 DlSSERTATIO
1158 513 1594 596 rolsrochm
1729 544 1801 617 157

438 690 482 773 se,
497 717 562 765 non
580 692 733 767 omnibus
750 692 886 794 semper,
902 721 968 767 non
986 692 1071 794 ipss,
1100 695 1253 794 persediis
1270 698 1434 778 videlicet,
1460 697 1646 796 simpliciter
1661 701 1801 800 sequen·

436 798 540 881 dum3
578 791 631 863 sed
645 798 818 891 Spiritum,
845 802 979 890 ejusque
1000 794 1134 867 adflatus
1157 800 1349 886 &didiatm
1377 803 1605 897 ptaeteretiam
1631 813 1664 874 &
1689 830 1800 878 contra
1940 813 1947 826 ⁸

435 897 648 990 Scriptutam.
700 898 900 993 Scripturam
920 894 1098 993 fimplicem
1117 895 1260 969 litteram
1284 898 1362 977 elle,
1390 899 1604 978 elementum,
1637 902 1801 999 Alpbabe·

433 1014 505 1063 tum
527 996 751 1074 criminantur,
779 991 850 1067 solis
867 999 975 1091 pueris
989 998 1114 1078 datam;
1138 1020 1205 1067 non
1221 995 1337 1069 adultis
1353 1006 1387 1069 &
1403 996 1661 1095 perfeetiotious,
1692 1002 1802 1098 quales

433 1089 493 1187 ipsi
512 1088 601 1171 sunt,
631 1094 857 1189 imperandam
872 1118 925 1165 aut
947 1094 1226 1189 prascribmdam.
1298 1100 1455 1192 Spiritum
1471 1095 1563 1169 suum
1581 1106 1672 1189 aiunt
1689 1126 1802 1173 verum

433 1194 500 1261 Dei
518 1187 675 1269 verbum,
699 1197 864 1263 internum
883 1217 919 1263 ac
935 1193 1098 1289 spirituale
1116 1194 1197 1283 elle,
1223 1220 1372 1268 normam
1389 1222 1425 1268 ac
1445 1200 1586 1290 judicem
1601 1202 1771 1298 Scriptura
1788 1228 1802 1272 ι

436 1288 525 1361 bunc
540 1291 737 1362 audiendum
757 1289 1044 1390 sequendumque,
1070 1320 1137 1365 non
1149 1297 1321 1393 Scriptura
1338 1315 1461 1366 textum
1480 1305 1516 1368 δι
1539 1293 1664 1369 sensum
1686 1296 1802 1371 verba·

435 1387 531 1473 lem,
564 1414 664 1486 quem
679 1386 839 1470 obscuris,
867 1417 930 1464 non
949 1391 1211 1490 intelligibilibus
1235 1393 1489 1468 &cothurnatis
1513 1393 1673 1492 loquendi
1697 1401 1802 1471 modis

436 1512 617 1589 exponunt.
669 1492 777 1588 Atque
795 1489 856 1564 hoc
876 1496 998 1589 Spiritu
1018 1516 1201 1590 correptos,
1225 1501 1317 1589 ajunt
1339 1492 1370 1565 se
1388 1493 1486 1590 vulgo
1505 1496 1657 1586 Deifieeri.
1709 1500 1804 1570 Adeo

438 1593 574 1688 quidem
589 1612 624 1661 ut
638 1615 680 1661 ue
698 1589 781 1689 ipsos
798 1591 829 1663 se
849 1618 944 1691 agere
961 1613 1095 1689 putent,
1122 1590 1177 1664 sed
1193 1593 1361 1667 Christum
1384 1602 1418 1666 δι
1437 1598 1591 1691 Spiritum
1612 1603 1700 1690 ejus,
1726 1595 1803 1695 ipfi.

438 1713 506 1788 que
528 1699 562 1763 dt
583 1690 730 1763 Christus
749 1689 807 1762 sant
828 1700 862 1764 dc
881 1696 947 1763 Dei
970 1696 1116 1790 Spiritus.
1183 1697 1273 1764 Hinc
1296 1718 1334 1764 ea
1357 1690 1549 1790 propudiosa
1569 1693 1803 1771 nonnullorum

438 1789 567 1863 verba:
601 1796 662 1885 Ege
684 1792 750 1878 firm
763 1791 915 1879 dinisius,
947 1817 996 1885 ega
1011 1793 1077 1879 fiam
1097 1794 1220 1863 verium
1238 1797 1299 1864 Dei
1314 1796 1435 1863 vivum.
1516 1796 1618 1865 Sic&
1636 1797 1804 1895 Qintinne

439 1891 596 1963 meatus
615 1893 734 1970 docuit,
760 1893 1114 1982 nnusnquemqnefidelem
1128 1893 1177 1979 effe
1194 1893 1346 1984 Chrysam.
1387 1888 1577 1963 Ridiculum
1594 1893 1638 1962 eri
1656 1897 1743 1988 quod
1760 1897 1802 1968 de

441 2015 487 2063 eo
499 1994 644 2063 Calvinus
663 2012 821 2063 memorat
842 1990 991 2061 adversus
1005 1990 1190 2061 Libertinos
1205 1993 1290 2087 Cap.
1308 2012 1394 2062 xvir.
1443 1992 1610 2091 Qitninus
1620 2037 1632 2070 ,
1658 1999 1720 2073 ait,
1747 2020 1802 2065 ex·

438 2088 588 2180 candescit,
611 2094 723 2182 quoties
739 2111 907 2185 regnatur
922 2093 1050 2163 valeat?
1079 2093 1251 2193 Quomodo,
1273 2093 1379 2181 inquit,
1403 2113 1442 2160 an
1462 2090 1589 2181 inrisio
1607 2098 1684 2163 male
1698 2094 1801 2166 halese
1929 2127 1938 2175 τ

433 2190 551 2287 peresi?
575 2194 747 2283 Aliquando
762 2215 808 2262 nte
821 2190 956 2284 presente
970 2195 1136 2294 Qintinas
1154 2193 1261 2261 bamini
1275 2192 1456 2260 vehementer
1468 2192 1626 2283 egrotanti,
1648 2212 1805 2285 prepterea

438 2294 517 2383 qued
529 2291 623 2379 seiam
639 2295 671 2361 id
684 2290 819 2379 dixiffet:
847 2297 915 2361 Heu
929 2297 1013 2361 Deus
1029 2293 1084 2370 nti,
1103 2310 1227 2381 quantes
1246 2294 1352 2361 deletes
1365 2288 1482 2377 sentio!
1515 2290 1632 2383 &aaa
1647 2314 1718 2376 me,·
1753 2291 1805 2363 ob·
1846 2300 1852 2310 “
1934 2275 1937 2282 ’

430 2389 561 2485 jurgans
576 2390 738 2483 respondit.-
761 2398 812 2461 Ita
833 2390 936 2460 veroa?
962 2397 1080 2460 Retiene
1101 2394 1152 2459 bec
1166 2391 1282 2467 dicitnr,
1303 2388 1448 2475 Christum
1460 2395 1537 2459 neele
1551 2392 1682 2466 babere?
1708 2397 1803 2465 Non·

436 2514 474 2560 ne
485 2492 591 2560 diores
604 2490 693 2582 ipfins
707 2513 802 2559 ornnes
819 2489 1050 2582 preterierunt?
1079 2488 1119 2559 Et
1136 2493 1210 2583 quis
1233 2485 1306 2557 finis
1324 2488 1369 2557 est
1384 2492 1612 2583 ineptiarum?
1923 2498 1925 2502 ‘

556 2590 757 2661 LXXXVI.
793 2591 945 2660 Numero
964 2591 1097 2665 dicam,
1124 2585 1379 2659 inEnthufiastis
1400 2584 1467 2657 bac
1489 2586 1562 2660 sunt
1582 2587 1715 2687 quarab
1732 2593 1803 2662 Or·
1919 2614 1924 2624 ·

436 2684 585 2760 thodoxis
607 2685 847 2786 improbantur.
898 2694 925 2760 1.
953 2689 1052 2787 Quod
1071 2684 1231 2758 illusiones
1250 2685 1301 2757 vel
1317 2685 1393 2756 mali
1410 2687 1587 2769 daemonis,
1613 2687 1664 2761 vel
1680 2687 1809 2760 melan·

438 2785 557 2859 cholici
575 2786 620 2861 sui
637 2787 776 2867 cerebri,
801 2811 866 2886 pro·
877 2785 996 2859 adflatu
1011 2792 1149 2884 Spiritus
1164 2790 1272 2859 Sansii
1293 2810 1417 2857 temere
1430 2790 1601 2884 arripiant.
1641 2789 1686 2859 ΙΙ.
1703 2788 1808 2885 Quod

441 2883 595 2959 adflatum
612 2886 704 2959 illum
723 2886 862 2959 babeant
888 2913 947 2984 pro
969 2913 1082 2959 norma
1105 2890 1366 2963 credendorum,
1399 2882 1689 2957 &faciendorum
1741 2886 1807 2961 ΙΙΙ»

437 2988 537 3087 Qud
558 3012 623 3060 non
644 2995 833 3083 permittant
849 2987 942 3055 illurn
966 2991 1010 3054 ad.
1028 2991 1226 3076 Scripturam
1247 2987 1433 3048 examinari.
1503 2989 1564 3052 IV.
1601 2986 1701 3080 Qud
1717 2987 1805 3053 Scri.

438 3105 567 3181 pturam
584 3089 798 3153 criminentur
812 3103 847 3151 ut
859 3082 1113 3157 elementariam,
1140 3080 1272 3154 rudem,
1300 3072 1477 3145 infantibus
1500 3078 1634 3162 datam,
1660 3077 1807 3150 litteram·

441 3202 603 3253 mortuam
619 3187 653 3252 &
670 3184 887 3252 occidentem.
938 3184 980 3249 V.
1007 3181 1105 3277 Qud
1123 3180 1279 3275 Spiritum
1296 3167 1388 3245 illum
1406 3171 1499 3245 suurn
1513 3173 1666 3247 extollant
1686 3171 1802 3248 utDo'·

439 3284 564 3354 &orem
584 3265 681 3380 longe
699 3281 965 3379 praestantiorum,
990 3276 1465 3367 sublimtotum,1>rviniotum
1487 3279 1676 3355 veritatum,
1703 3299 1810 3372 quam·

440 3406 515 3480 qua·
530 3384 696 3481 Scriptura
715 3386 933 3453 continentur.
1012 3380 1071 3450 Vl.
1107 3378 1205 3479 Qud
1226 3374 1321 3445 nestii
1344 3376 1405 3443 tite
1423 3377 1594 3469 concipere
1615 3371 1805 3447 subordina-

440 3490 565 3556 tionem
581 3482 691 3556 eaullae
709 3482 854 3554 secundae
870 3476 928 3551 sub
950 3482 1066 3580 prima,
1089 3482 1122 3547 in
1140 3473 1264 3546 adflatu.
1277 3483 1311 3547 δι
1330 3470 1455 3544 influxu
1474 3475 1589 3545 Divini
1607 3477 1745 3570 Spiritus
1766 3501 1804 3549 o·

443 3609 556 3659 mnem
578 3583 711 3656 humani
735 3578 917 3652 intellectus
939 3584 1098 3653 adiuuem
1122 3572 1287 3648 absorberi
1309 3569 1517 3645 arbitrentur.
1599 3576 1680 3645 Non
1700 3596 1805 3647 atten-

444 3689 560 3757 dentes·
579 3706 678 3782 quam
695 3679 854 3778 sapienter
870 3676 939 3751 ltaec
956 3686 990 3750 in
1007 3676 1146 3748 homine
1157 3674 1343 3749 Cbtistiano
1358 3679 1553 3770 jungantur,
1578 3683 1713 3758 «νεύματι
1736 3682 1802 3758 dye-
1934 3670 1940 3679 ’

447 3795 520 3873 dap,
547 3794 581 3856 ἃ
596 3791 731 3866 πνεύματι
752 3798 922 3870 περιπατῶ,
958 3787 1091 3860 κυήματα
1108 3794 1217 3860 reexti'e.
1246 3770 1325 3843 Gal.
1345 3790 1381 3843 V.
1405 3794 1442 3858 15
1447 3823 1457 3844 0
1482 3783 1533 3847 16·
1558 3794 1617 3859 25.
1670 3777 1751 3846 ΗΖΕ
1767 3800 1805 3848 0.

447 3890 537 3956 mnia
556 3882 719 3979 Theologi
734 3881 839 3952 Vestri
864 3903 954 3973 arque
975 3904 1012 3950 at
1027 3903 1090 3972 ego
1109 3897 1247 3949 norunt:
1273 3869 1523 3944 studiosi-autem
1541 3872 1663 3944 discere
1679 3872 1811 3970 poliunt

446 4008 486 4056 ex
500 3985 658 4057 nranixii
674 3977 823 4052 adversus
841 3976 1051 4050 Enthufiasias
1074 3972 1246 4048 vernaculo
1267 3969 1380 4052 libro,
1412 3996 1451 4043 ex
1470 3972 1625 4059 Christiani
1645 3974 1803 4044 Becmanni

449 4083 686 4156 Exercitatione
706 4100 779 4162 xxi,
809 4104 847 4150 ex
863 4080 1030 4171 Speniemii
1047 4079 1150 4149 Patris
1170 4067 1449 4171 Disputationrbus
1473 4072 1571 4144 Anti·
1589 4071 1807 4169 Anabaptisti-

446 4188 506 4272 tis,
529 4209 574 4256 ex·
584 4180 789 4271 Henndeetke'a'
811 4182 943 4250 Summa
956 4173 1262 4256 controversiarum,
1288 4173 1436 4268 a'iisque.
1514 4177 1811 4346 {autoritatem

449 4302 499 4365 tu,
525 4282 710 4378 Anple'nine
726 4279 856 4358 Helene,
877 4274 919 4348 ab
936 4278 1100 4371 ejusmodi.
1110 4280 1304 4377 opinionum
1319 4276 1475 4373 portentis
1493 4270 1534 4347 ab
1574 4293 1696 4355 ,nemo
1711 4273 1810 4367 igno-

448 4407 521 4459 rare
538 4382 652 4486 potest,
675 4375 736 4455 nili
750 4387 858 4478 quite
871 4382 1009 4478 ignorat.

1150 4495 1224 4570 ea
1584 4465 1807 4546 txxxvu.
