4667 5442
608 493 985 590 Hrsronrr
1042 490 1571 597 Hrrnosorrua.
1685 519 1785 628 249

541 661 638 734 LVl.
664 667 720 734 De
737 656 798 733 usu
817 656 955 759 piscinae
971 656 1073 752 hujus
1097 661 1235 761 aliquid
1255 664 1324 751 jam
1343 663 1594 748 delibavimus,
1623 670 1786 742 nimirum
1803 689 1876 749 [vl.
1896 681 1965 763 Esaia

446 752 585 828 valuille
604 782 712 856 aquas
730 757 827 830 illius
847 759 891 829 ad
914 761 1083 832 curandos
1104 761 1260 833 morbos.
1312 767 1359 833 At
1373 764 1511 864 preffius
1529 765 1785 860 inquirendum.
1801 767 1843 858 vif
1859 760 1975 820 curandi

445 856 474 924 1.
496 855 656 927 Fueritne
677 857 729 926 vis
747 854 809 927 illa
828 856 1021 936 naturalis,
1050 881 1092 929 an
1124 853 1338 931 miraculosa.
1390 866 1435 930 11.
1463 861 1613 946 Quando
1637 867 1789 961 coeperit.
1802 863 1853 934 '1²¹5
1854 837 1959 912 Mb*
2009 873 2012 880 '

442 954 507 1020 ΙΙΙ.
530 954 602 1040 Qt
622 951 745 1023 fartum
765 975 805 1022 ut
821 977 874 1025 res
893 974 964 1024 tam
980 954 1215 1025 memorabilis
1228 979 1342 1050 neque
1360 951 1538 1054 josepho,
1565 982 1677 1055 neque
1694 961 1791 1033 alteri
1813 935 1866 979 Μ’

445 1048 663 1143 cuicunque,
693 1070 861 1144 quantum
884 1047 1033 1130 constat,
1062 1047 1247 1131 historico,
1283 1048 1307 1123 st
1325 1077 1344 1122 a
1362 1051 1519 1150 Johanne
1532 1056 1701 1149 Apostolo
1722 1053 1791 1128 dis-

443 1138 600 1226 celleris,
634 1159 824 1218 memorata
844 1141 896 1218 fit.
946 1147 1101 1219 Primum
1122 1147 1221 1244 quod
1255 1151 1404 1230 attinet,
1432 1150 1539 1223 multa
1559 1150 1634 1224 sane
1651 1178 1793 1227 coneur-

442 1261 525 1311 runt
540 1265 582 1312 ne
604 1239 765 1313 naturalis
779 1267 840 1338 per
858 1266 986 1337 aquam
999 1242 1184 1315 medicatio
1195 1245 1361 1318 credatur.
1412 1248 1589 1328 Primum,
1616 1249 1716 1344 quod
1728 1248 1791 1321 sta-

443 1355 484 1407 to
504 1358 661 1433 tempore
686 1334 787 1409 fiebat
809 1367 817 1411 :
845 1340 925 1409 dein
946 1337 1045 1436 quod
1064 1341 1180 1411 omnia
1205 1341 1407 1414 morborum
1427 1366 1550 1439 genera
1569 1340 1788 1430 sanabantur:

440 1431 553 1532 idque
572 1457 749 1506 commota
772 1438 867 1531 prius
886 1460 996 1532 aqua,
1024 1460 1135 1531 quum
1163 1434 1297 1533 alioqui
1323 1437 1366 1509 ad
1388 1440 1538 1510 remedia
1558 1442 1665 1538 quaeri
1683 1437 1790 1531 soleat

442 1554 484 1601 ea
503 1556 582 1629 quae
599 1530 785 1629 tranquilla
807 1531 853 1603 est
873 1559 882 1603 :
910 1535 947 1603 δι
966 1532 1108 1628 quidem
1127 1554 1302 1605 commota
1321 1559 1382 1629 per
1399 1530 1657 1609 descendentem
1671 1546 1788 1635 Ange-

440 1626 520 1701 lum
542 1656 552 1700 :
578 1630 729 1726 denique
746 1628 845 1725 quod
865 1629 900 1699 in
919 1629 1055 1699 nemine
1071 1630 1143 1700 vim
1162 1628 1258 1700 illam
1278 1655 1368 1726 aqua
1389 1627 1576 1713 exsereret,
1606 1630 1665 1705 nist
1686 1633 1721 1706 in
1744 1658 1787 1705 eo

441 1726 507 1895 qtssi
524 1728 656 1824 primus
674 1724 750 1822 post
768 1722 1001 1799 turbationem
1021 1720 1266 1809 descenderat,
1293 1725 1437 1823 reliquis
1457 1727 1572 1803 frustra
1595 1726 1791 1829 exspeetau·

441 1839 472 1895 tl
497 1847 550 1897 uS.
1803 1869 1838 1900 κ,

538 1924 651 1993 LVII.
678 1924 768 2009 Quae
788 1923 949 2017 quamvis
972 1918 1220 1994 evidentillrma
1241 1918 1453 1997 miraculosa
1475 1926 1659 2004 curationis
1684 1948 1883 2024 argu-nvn,
1900 1959 1965 2021 Ν..

440 2038 558 2089 menta
577 2013 669 2099 fint,
695 2034 767 2089 non
787 2017 926 2090 defuere
944 2019 978 2089 in
997 2018 1148 2113 antiquis
1166 2062 1178 2096 ,
1203 2044 1319 2116 neque
1331 2014 1454 2092 desunt
1469 2022 1505 2093 in
1524 2024 1782 2106 recentioribus,
1793 2038 1940 2099 narratis.

437 2114 503 2210 qui
521 2111 711 2186 universam
734 2113 836 2205 hujus
855 2114 1001 2187 medelae
1026 2118 1194 2185 rationem
1218 2115 1428 2188 naturalibus
1455 2118 1571 2189 causus
1595 2120 1781 2233 imputant.
1843 2107 1847 2124 ’

434 2212 495 2279 De
514 2212 665 2307 antiquis
689 2210 960 2307 Theopbylafltes:
984 2200 1073 2295 ἕιχον
1094 2199 1153 2300 {jai
1171 2208 1279 2279 πολλοὶ
1296 2208 1476 2294 barbarian,
1499 2208 1546 2279 ‘brt
1562 2209 1610 2296 'Ul
1632 2211 1692 2279 ana
1704 2213 1780 2299 pao'rtt

436 2308 482 2370 τῧ
493 2303 855 2378 πλύνωθαιτᾶἱντᾶθια
876 2307 933 2374 mbr
961 2300 1082 2401 inaniora
1104 2300 1316 2390 lbraparmrrai
1329 2303 1483 2390 λαμβάνει
1496 2307 1687 2404 bomlgared
1701 2306 1782 2401 [illap-

435 2393 544 2466 Mnltr'
562 2392 793 2488 opinabantur,
818 2399 899 2491 qnod
908 2392 979 2481 sata
998 2393 1158 2476 ablutiotoe
1181 2392 1393 2475 intestinorum
1412 2394 1654 2483 saeerrfiaab'nm,
1679 2400 1787 2476 virere·
1899 2416 1903 2434 ⁸

435 2506 505 2561 tem
523 2494 678 2588 quaedam
699 2495 906 2566 Diviniorem
924 2495 1078 2587 acciperet
1092 2513 1187 2587 aqna.
1237 2495 1292 2562 Ex
1313 2492 1557 2564 recentioribus
1577 2492 1713 2588 prolixe
1732 2514 1787 2568 at·

436 2609 509 2685 que
530 2612 575 2661 ex
622 2584 747 2660 rofeffo
763 2584 915 2686 disputat
933 2587 1069 2662 'Ibomaa
1092 2587 1316 2661 Barbariana,
1342 2582 1500 2662 adversus
1513 2587 1615 2670 illos,
1644 2592 1699 2687 qui
1710 2587 1784 2679 Pis·

434 2687 512 2759 cina
532 2614 710 2759 probatica
727 2684 904 2757 naturalem
922 2690 1053 2757 curandi
1077 2681 1201 2758 morbos
1217 2687 1372 2756 virtutem
1390 2686 1558 2764 invident,
1582 2690 1625 2759 Θ
1647 2693 1785 2760 miracu·

436 2780 504 2854 laon
519 2801 655 2874 urgent:
681 2785 718 2856 in
732 2786 893 2854 Traoatu
915 2784 968 2853 cui
988 2780 1131 2853 titulum
1149 2781 1230 2853 fecit
1246 2827 1257 2862 ,
1284 2781 1461 2875 Paralytict'
1472 2787 1522 2856 N.
1537 2782 1574 2857 T.
1590 2786 1657 2855 &o
1675 2808 1783 2879 quem
1840 2779 1842 2784 ’

435 2877 520 2951 vide
542 2880 657 2968 Fascia.
678 2904 714 2953 ν.
727 2896 762 2974 p.
778 2901 859 2971 390.
898 2883 930 2949 A
946 2878 1131 2952 Bartholino
1146 2902 1217 2952 non
1236 2877 1371 2950 abludit
1392 2886 1631 2961 Hemonam,
1656 2876 1724 2953 suis
1745 2882 1782 2953 in

434 2972 529 3049 hunc
546 2974 713 3074 Johannis
730 2974 849 3049 locum
864 2977 1130 3047 commentariis.
1183 2977 1255 3063 Qui
1276 2970 1430 3047 observat
1456 2979 1583 3051 mirum
1608 3002 1679 3048 non
1705 2971 1782 3063 ellej

437 3068 579 3169 liaquae
595 3074 668 3145 vim
686 3070 826 3146 sanandi
840 3099 884 3147 ex
897 3069 1003 3145 caulla
1027 3098 1047 3144 a
1069 3070 1334 3170 Theophylatto
1353 3071 1455 3144 allata
1472 3071 1664 3154 habuerint,
1683 3097 1783 3170 quum

433 3170 604 3267 aliqnando
623 3176 697 3264 egri
713 3192 863 3244 curentur
878 3172 999 3265 immiffi
1019 3166 1115 3250 bellio
1133 3194 1239 3241 recem
1255 3168 1455 3255 walamare,
1479 3172 1532 3240 vel
1557 3171 1692 3242 involuti
1711 3188 1782 3258 cute

435 3271 504 3341 nvn
520 3267 619 3340 adbuc
635 3268 754 3340 calente
771 3295 785 3354 3
808 3268 863 3338 vel
879 3268 1084 3359 applicatione
1094 3261 1229 3337 membri
1243 3268 1318 3335 aivi
1329 3263 1496 3357 cujuspiam
1507 3266 1663 3337 animalia.
1691 3274 1783 3360 1³13*

433 3360 551 3438 sertim
571 3386 686 3436 autem
704 3384 835 3435 tantam
847 3360 975 3459 piscina
992 3363 1064 3435 haec
1087 3358 1226 3431 curandi
1243 3361 1317 3429 vim
1339 3384 1379 3428 eo
1400 3383 1554 3455 tempore
1572 3360 1695 3431 habere
1712 3387 1779 3458 po·
1830 3387 1858 3403 ⁶·

427 3459 535 3543 tuit,
563 3461 705 3559 quando
737 3459 847 3532 multa
868 3461 1081 3532 vidimatum
1102 3456 1212 3528 millia
1234 3480 1305 3526 uno
1325 3454 1381 3524 die
1407 3455 1714 3539 interficiebantur,
1742 3482 1783 3530 a-.

435 3583 614 3658 quamque
634 3554 696 3630 suo
714 3552 875 3653 sanguine
893 3582 931 3629 ac
951 3552 1135 3627 visceribus
1158 3550 1363 3649 tingebant,
1392 3574 1431 3622 ut
1457 3554 1494 3624 in
1514 3553 1631 3635 festis,
1659 3557 1782 3651 praeci·

458 3681 502 3726 ue
521 3654 677 3728 Paehate.
729 3652 935 3743 Qtoreferri
947 3651 1059 3751 potest
1076 3651 1165 3723 illud
1182 3640 1265 3715 eard
1282 3644 1376 3740 καιρὸν
1386 3646 1634 3747 slatotempore.
1685 3658 1780 3725 Tur·

429 3681 611 3826 bationem
633 3778 733 3849 aquae
755 3776 798 3823 eo
824 3747 1019 3848 pertinuille
1046 3749 1182 3829 credit,
1216 3766 1254 3821 ut
1271 3747 1427 3842 craffiores
1455 3744 1617 3842 sanguinea
1643 3751 1781 3823 concreti

428 3868 564 3948 partes,
588 3873 653 3946 qua
667 3847 890 3938 subsederant,
915 3873 933 3919 e
947 3846 1050 3938 fundo
1064 3850 1287 3924 educerentur,
1312 3847 1355 3917 (a
1372 3866 1458 3940 aqua
1475 3845 1595 3928 malalee
1612 3846 1778 3934 misceren-

431 3968 499 4019 tur.
550 3946 653 4021 Unde
674 3946 848 4041 contigit,
875 3964 912 4017 ut
940 3946 1058 4015 nnllam
1075 3940 1203 4025 bnandr‘
1230 3942 1300 4012 vim
1318 3934 1595 4040 babueritaqna,
1613 3941 1777 4041 postquam

432 4042 586 4130 definerrte
603 4041 781 4117 turbatione
801 4084 813 4123 ,
832 4040 989 4134 fiangrrinr's
1006 4039 1168 4134 particula
1185 4037 1239 4110 vel
1264 4042 1299 4110 in
1316 4056 1449 4130 vapores
1470 4037 1644 4129 abierant,
1669 4041 1724 4112 vel
1741 4045 1778 4112 in

424 4135 530 4233 fiendo
541 4135 752 4226 subsederant.
805 4145 911 4210 Porro
929 4136 1028 4235 quod
1051 4134 1095 4205 de
1124 4133 1261 4230 Angelo
1282 4134 1436 4205 turbante
1464 4158 1636 4217 narratur,
1659 4154 1776 4231 parum

428 4238 507 4309 veri
517 4237 650 4309 rmiliter
676 4241 713 4308 de
728 4235 852 4329 Angelo
873 4238 942 4309 Dei
963 4234 1092 4349 exponi
1115 4231 1305 4303 arbitratur.
1365 4235 1458 4302 Haut
1474 4257 1552 4330 agre
1570 4238 1673 4306 credit
1683 4230 1777 4324 finisse
1845 4270 1848 4274 ·

429 4332 620 4428 officialem,
644 4332 700 4405 vel
713 4331 871 4421 servum,
896 4334 952 4428 qui
971 4326 1189 4403 nuttebatura
1205 4321 1422 4418 Sacerdotibus
1440 4338 1576 4427 tempore
1595 4348 1778 4423 opportuno,

431 4436 476 4505 ad
490 4426 681 4503 turbandam
698 4453 832 4528 mam:
859 4432 914 4529 qni
931 4450 1028 4528 quum
1046 4423 1121 4523 effer
1139 4426 1266 4598 ηκηὶἰηε
1281 4418 1483 4521 pramiffnt.
1503 4426 1609 4534 velati
1625 4429 1667 4498 ad
1683 4448 1778 4518 egros
1802 4513 1805 4518 ,

518 4530 647 4605 Tom.
682 4531 727 4608 11.
1007 4593 1028 4604 .,
1238 4544 1251 4594 1
1564 4529 1568 4537 ’
1612 4549 1616 4554 ·
1656 4542 1779 4600 montn-
1887 4567 1895 4578 ψ
