4667 5442
554 501 654 623 578
765 492 1483 592 Exsncrnxnro
1552 480 1728 578 XXlll.

553 659 670 757 ptimo
687 651 732 729 de
753 653 935 731 Gentilibus
953 706 964 734 ,
988 654 1051 751 qui
1069 647 1136 724 sive
1158 650 1273 750 palam
1303 647 1454 725 scelerati
1476 644 1540 724 sint
1564 694 1576 731 ,
1604 644 1673 721 five
1695 646 1835 723 melius
1854 647 1919 723 ali·

554 776 687 851 quanto
708 754 831 825 morati
854 800 864 834 ,
892 753 939 823 ita
952 775 1072 821 omnes
1088 744 1247 823 adversus
1261 747 1375 845 legem
1392 770 1521 820 naturae
1541 769 1802 844 peccaverunt,
1830 749 1916 821 utin

555 852 628 941 ejus
653 850 740 948 legis
754 849 1013 923 damnationem
1030 847 1260 920 incurrerint:
1297 845 1377 917 dein
1402 843 1447 915 de
1463 846 1606 934 Judaeti,
1629 842 1806 941 aquibus
1830 843 1919 916 adeo

553 971 626 1019 uon
647 947 693 1021 est
711 941 886 1038 observata
902 947 961 1018 lcx
980 940 1157 1025 Mosaica,
1185 963 1225 1014 ut
1239 967 1307 1015 non
1323 942 1438 1016 minus
1464 966 1570 1040 quam
1590 945 1695 1016 Graeci
1705 938 1775 1030 [ab
1791 960 1919 1038 peccaro

548 1041 614 1136 sort
678 1045 782 1121 Unde
803 1040 842 1116 fit
858 1063 896 1115 ut
915 1067 1002 1115 onme
1019 1068 1052 1114 os
1074 1037 1252 1123 obstruatur
1273 1042 1316 1114 (φ
1335 1059 1421 1112 totus
1437 1038 1588 1111 mundus
1607 1034 1772 1112 obnoxius
1784 1039 1834 1131 fit
1850 1064 1920 1115 con·

554 1145 742 1215 devorationi
757 1145 837 1215 Dei.
888 1142 980 1211 Hinc
1001 1136 1218 1212 concluditur
1229 1183 1241 1221 ,
1271 1133 1476 1231 exoperibus
1495 1139 1610 1229 Legis,
1635 1160 1760 1232 neque
1782 1159 1920 1210 natura·

557 1237 625 1320 lis,
653 1261 766 1335 neque
786 1235 970 1319 Mosaicae,
998 1236 1111 1307 nullam
1128 1259 1256 1306 carnem
1272 1230 1442 1323 justificari
1461 1261 1471 1301 ε
1506 1230 1687 1304 sedaliam
1706 1234 1848 1329 requiri
1867 1235 1921 1322 ju·

557 1331 708 1416 stitiam,
737 1358 818 1431 quae
835 1334 947 1429 absque
968 1333 1036 1427 lege
1053 1327 1217 1420 manifesta
1232 1329 1325 1421 fidia
1343 1326 1408 1411 cll:
1435 1330 1566 1426 quippe
1578 1354 1659 1440 quae
1674 1352 1752 1403 non
1773 1324 1921 1402 consistit

556 1432 594 1503 in
614 1430 735 1505 officiis
760 1426 966 1529 quibusdam
988 1430 1121 1501 anobis
1137 1422 1214 1524 ipsis
1234 1452 1278 1500 cx
1298 1426 1511 1523 obligatione
1528 1426 1615 1522 legas
1636 1425 1684 1497 ad
1703 1422 1920 1515 justificatio·

555 1552 636 1600 nem
658 1525 777 1625 praelia
787 1527 878 1601 xdie:
906 1523 964 1599 sed
978 1525 1025 1600 est
1039 1522 1162 1621 jndicio
1183 1529 1252 1600 Dei
1271 1549 1314 1597 ex
1327 1520 1415 1609 βόες
1442 1547 1461 1592 a
1485 1527 1564 1593 Deo
1585 1522 1716 1594 donata
1736 1568 1749 1605 ,
1781 1519 1851 1595 fide
1869 1547 1920 1594 re-

560 1646 687 1720 cepta3
713 1649 862 1737 quaeque
893 1624 1090 1698 communis
1114 1620 1161 1697 cll
1181 1621 1423 1703 credentibus,
1452 1615 1518 1691 sne
1540 1618 1767 1692 distiniiione
1791 1620 1918 1720 Judaei,

383 1831 436 1891 vl.
459 1742 619 1920 Nquea'ut
641 1725 857 1931 ὒῦἷωροπο
880 1821 940 1896 illa
959 1820 1085 1913 justitia
1104 1848 1174 1896 non
1196 1821 1384 1932 collocatur
1403 1817 1437 1894 in
1461 1813 1703 1928 observatione
1719 1816 1919 1890 officiorum

382 1901 1083 2118 iis-'3233ilissl‘di'aei‘is‘iliiiumri
1103 1917 1527 2091 llssllillll‘ll
1556 1911 1918 2108 llillssl‘ng‘l'l*

383 2056 800 2205 lffiffissiobservatione
815 2063 1060 2217 quaefiveradt:
1086 2140 1165 2187 nam
1205 2120 1284 2186 ratic
1302 2037 1656 2212 igullilicaiidic’imur,
1687 2082 1764 2180 stne
1779 2110 1852 2184 ulla
1866 2109 1913 2197 ’μι-

376 2211 470 2350 ,gqis
488 2232 525 2306 ex·
562 2203 769 2283 llificationis
789 2210 894 2283 caulla
914 2237 993 2309 quae
1014 2213 1050 2283 in
1067 2138 1234 2284 nobisdt.
1286 2211 1354 2282 Sed
1371 2213 1440 2285 Dei
1453 2208 1586 2302 gracia,
1608 2206 1647 2275 dc
1667 2206 1798 2290 aresti
1811 2211 1917 2279 reden·

414 2309 437 2345 ⁰
446 2306 552 2364 W·
560 2308 667 2386 tione,
691 2329 782 2403 quem
797 2307 964 2406 prostituit
982 2315 1102 2387 Deus,
1127 2329 1164 2383 ut
1181 2305 1253 2400 effet
1263 2310 1496 2403 placamentum
1515 2322 1576 2400 per
1590 2296 1692 2389 fidem
1714 2307 1757 2374 in
1774 2305 1917 2399 fimguinc

559 2400 670 2496 ipfius.
722 2408 884 2503 Denique
900 2407 967 2480 huc
991 2407 1137 2480 tendunt
1158 2408 1301 2488 omnia,
1329 2429 1368 2477 ut
1390 2404 1522 2477 Deo&
1543 2396 1687 2471 Christo
1708 2400 1750 2474 in
1772 2398 1915 2477 solidum

559 2498 676 2575 salutis
689 2501 810 2576 nostrae
832 2503 941 2601 gloria
959 2501 1227 2584 transcribatur,
1255 2502 1365 2575 nostra
1387 2525 1501 2575 autem
1517 2496 1672 2594 gloriatio
1694 2496 1842 2592 prorsus
1862 2521 1918 2572 ex·

558 2593 660 2673 sulec.
711 2599 886 2672 Gloriatio
905 2600 952 2674 cll
972 2602 1085 2674 dicere
1103 2601 1237 2697 aliquid
1249 2600 1293 2671 de
1306 2596 1339 2672 se
1359 2599 1433 2697 ipso
1451 2596 1551 2695 quod
1574 2588 1613 2666 stt
1629 2591 1747 2669 caulla
1768 2597 1828 2671 vel
1845 2619 1915 2668 eva-

559 2693 664 2765 dendi
686 2695 879 2785 judicium,
907 2697 963 2769 vel
982 2700 1065 2787 juris
1087 2693 1300 2794 exspcdandi
1322 2697 1577 2778 haereditatem,
1604 2691 1666 2765 vel
1685 2695 1800 2770 etiam
1821 2691 1914 2793 quid·

559 2812 666 2888 quam
683 2793 822 2887 petendi
844 2817 863 2862 a
883 2799 976 2867 Deo.
1029 2795 1127 2867 Talis
1145 2795 1309 2893 gloriatio
1336 2790 1473 2894 prorsus
1493 2791 1540 2867 est
1563 2788 1738 2866 exclusa:
1781 2819 1842 2869 nou
1857 2793 1909 2886 lege

557 2903 706 2980 operum,
729 2887 765 2958 id
781 2888 845 2971 cll,
871 2917 909 2963 ea
921 2892 1071 2963 dostrina
1086 2916 1165 2988 quae
1179 2887 1321 2963 salutem
1334 2919 1394 2989 per
1405 2915 1509 2991 opera
1520 2886 1812 2987 consequendam
1822 2913 1910 2964 mon·

558 2983 637 3059 llrat
655 3031 665 3066 ,
694 2982 827 3058 homini
858 3012 899 3059 ue
922 3014 996 3060 eam
1010 2988 1180 3085 praestanti
1195 2989 1366 3086 gloriandi
1382 2986 1542 3063 fiduciam
1556 2989 1615 3060 dat
1632 3034 1645 3069 ,
1677 2986 1741 3061 sed
1756 2986 1908 3088 legcfideic

555 3106 639 3255 quae
669 3082 772 3156 docet
803 3012 962 3168 judiciam
1009 3086 1206 3160 uaerendam
1225 3087 1261 3157 in
1281 3085 1420 3161 Christo
1435 3089 1472 3160 dc
1487 3082 1817 3184 apprehendendam
1832 3081 1906 3164 fide,

584 3203 627 3251 ne
640 3178 722 3251 ullis
743 3182 932 3269 astionibus
949 3111 1101 3267 ndllris,
1129 3208 1209 3282 quae
1228 3181 1286 3257 hic
1308 3185 1589 3282 quandocunque
1609 3182 1648 3254 in
1678 3181 1908 3258 confidentio-

560 3301 642 3352 nem
661 3277 813 3351 veniant.
840 3278 946 3352 Conl.
966 3279 1056 3378 Eph.
1080 3288 1197 3362 11:8,
1221 3303 1256 3369 9.
1308 3283 1377 3355 Hic
1406 3279 1452 3355 est
1477 3274 1650 3378 procellus
1673 3277 1911 3381 disputationis

560 3373 734 3466 panlinae,
762 3374 888 3448 directe
899 3375 1075 3475 oppositus
1089 3379 1260 3452 erroribus
1281 3401 1352 3452 tam
1363 3380 1558 3451 Gentilium
1572 3402 1685 3475 quam
1698 3380 1908 3478 Judaeorum

563 3471 626 3567 qui
648 3473 682 3543 in
706 3467 773 3543 suis
790 3477 928 3571 utrique
951 3477 1113 3573 operibus
1132 3500 1302 3548 noxarum
1323 3479 1558 3574 expiationem
1581 3476 1773 3575 vitamque
1793 3496 1912 3575 quaere·

561 3566 665 3648 bant·¹
692 3571 728 3641 &
748 3568 909 3658 justitiam
927 3576 994 3646 Dei
1007 3574 1203 3672 ignorantes
1218 3574 1393 3670 propriam
1415 3573 1573 3661 justitiam
1595 3570 1786 3650 studebant
1801 3570 1912 3650 conlli·

561 3685 669 3739 cuere.
722 3671 811 3754 Quae
824 3664 899 3740 sane
919 3668 1142 3742 controversia
1161 3669 1354 3767 plurimum
1375 3668 1475 3743 distat
1495 3670 1540 3742 ab
1561 3669 1772 3757 altetailla,
1801 3676 1911 3746 anct-

562 3764 721 3837 rimoniae
739 3764 922 3864 jungendae
936 3761 1229 3866 fintEvangelio3
1256 3791 1382 3865 quam,
1405 3789 1443 3840 ut
1456 3768 1633 3851 diximus,
1660 3770 1700 3844 in
1713 3761 1910 3870 Epillolaad

562 3860 708 3935 Galatas
721 3867 832 3960 magis
850 3868 1042 3960 pertradat.

384 3966 455 4031 lm.
476 3969 536 4032 Lex
662 3965 740 4033 Vll.
769 3962 822 4034 Ut
842 3985 925 4033 veto
943 3964 1058 4034 omnia
1076 3960 1134 4036 ista
1152 3962 1292 4037 clariora
1312 3989 1349 4039 ac
1370 3959 1726 4051 confirmatioralint,
1754 3967 1908 4069 agedum

355 4063 361 4084 “
385 4061 511 4198 &mm
564 4081 678 4133 curate
692 4056 926 4154 expendamus
939 4058 1025 4154 quid
1036 4052 1217 4157 intelligat'
1224 4060 1410 4159 Apostolus
1425 4084 1573 4159 quatuor
1591 4060 1648 4135 his
1662 4061 1909 4142 locutionibus»

281 4229 284 4236 ,
385 4139 650 4273 κ”ζζῖζζῑεκ
680 4180 835 4227 orsnux
856 4202 869 4237 ,
914 4162 1050 4230 Osann
1076 4161 1233 4239 Lucre,
1269 4162 1351 4231 Lux
1378 4181 1523 4241 alost,
1560 4184 1609 4231 ur
1646 4165 1791 4240 Frnss.
1841 4167 1910 4235 Lex

385 4212 481 4346 anf„
495 4298 553 4336 con·
566 4279 722 4329 orarum
748 4277 786 4364 εξ
807 4249 872 4335 eli,
900 4278 979 4351 quae
996 4280 1099 4352 opera
1113 4257 1250 4328 virtutis
1268 4258 1305 4328 ἃ
1323 4256 1504 4355 religionis
1519 4257 1560 4329 ab
1577 4252 1652 4355 ipso
1672 4257 1825 4335 homine
1833 4285 1909 4359 pra·

383 4352 508 4447 {My-‘¹¹¹
535 4436 542 4451 ⁶
564 4352 677 4426 stands
693 4352 826 4449 exigit,
853 4372 1018 4447 tanquam
1033 4352 1268 4428 conditionem
1280 4353 1380 4435 vitae,
1409 4350 1476 4425 five
1493 4348 1637 4427 caullam
1658 4360 1811 4455 petendi
1829 4382 1908 4436 mer·

375 4434 706 4570 m'ssffl'cedem:
734 4449 830 4542 cujus
839 4444 913 4544 δας
926 4446 973 4528 est
984 4447 1147 4540 formula,
1157 4449 1237 4552 ρᾖα·
1241 4448 1362 4549 fecerit
1373 4477 1410 4528 ea
1424 4452 1517 4531 bomo
1531 4455 1907 4627 viv‘mi'fflmi'sslss
