4667 5442
553 480 652 581 266
810 479 1529 574 Exauc1rar1o
1600 393 1854 573 XL*-

550 653 607 744 qui
626 673 696 728 caeru
711 646 775 745 ipso
787 647 953 741 fueram,
983 643 1189 743 comprehcnfi
1221 665 1316 743 atque
1341 646 1475 719 vincuiio
1494 646 1609 720 traditi
1625 643 1715 735 stou.
1771 641 1914 741 Reliqua

548 771 628 820 vero
646 746 812 820 multitudo
831 750 863 819 in
884 750 1025 840 regiones
1039 749 1190 843 propriae
1206 741 1337 838 dispersa
1351 743 1405 828 esi.
1458 751 1510 817 Ita
1526 741 1702 840 completa
1719 738 1768 817 est
1777 741 1912 813 Domi·

549 845 586 915 ni
605 843 802 942 praedictio:
830 841 912 943 Joh.
936 869 981 917 v:
1005 864 1066 935 43.
1118 844 1188 936 Ego
1211 845 1289 913 veni
1312 843 1348 913 in
1365 843 1487 913 nomine
1499 844 1610 914 Patro
1629 844 1694 913 mei
1708 863 1808 921 ‚mcc
1828 842 1911 912 reci·

489 941 492 946 ’
547 944 626 1037 pitis
641 966 692 1014 me
709 964 718 1012 ε
737 936 766 1030 fi
785 945 909 1014 venerit
927 940 1012 1013 oiim
1032 942 1154 1014 nomine
1167 938 1253 1026 suo,
1275 937 1360 1010 ilium
1375 940 1544 1034 recipiam.
1596 942 1642 1010 V.
1662 930 1746 1033 Ipso
1768 934 1910 1026 Pascha

550 1040 591 1109 tir
605 1036 708 1118 festo,
737 1037 954 1110 celeberrima
966 1037 1074 1110 totius
1087 1035 1212 1133 populi
1221 1037 1408 1132 panegyri,
1435 1031 1552 1133 Jesum
1568 1032 1803 1115 damnarunt,
1834 1057 1910 1107 cru·

552 1135 653 1230 cique
682 1130 841 1206 suffixum
870 1132 1021 1233 publicae
1042 1137 1198 1206 omnium
1226 1132 1429 1229 ignominiae
1465 1124 1711 1226 exposuerunt.
1766 1128 1905 1203 Eadem

391 1248 399 1269 “
548 1229 626 1326 post
648 1230 783 1327 aliquot
805 1256 911 1302 annos
933 1229 1109 1303 festivitate
1130 1251 1204 1302 tota
1220 1228 1344 1325 populi
1364 1225 1553 1299 multitudo
1568 1223 1801 1322 Hierofiolyouc
1825 1225 1909 1299 fata·

547 1325 692 1401 libello
718 1328 945 1400 circumventa
972 1326 1030 1400 est.
1081 1321 1211 1398 Rursus
1225 1323 1406 1419 josephus,
1427 1328 1464 1396 de
1486 1322 1662 1414 Bciiffud.
1677 1346 1769 1398 v11.
1793 1346 1907 1400 xv11.

549 1421 605 1502 Ab
624 1420 768 1497 omnibus
787 1420 963 1517 regionibus
981 1428 1025 1495 cd
1043 1429 1245 1517 adzymorum
1267 1423 1349 1493 diem
1360 1417 1477 1511 soum
1494 1424 1675 1514 congregati
1691 1472 1704 1502 ‚
1728 1418 1813 1496 bauo
1822 1418 1908 1512 subi·

550 1539 585 1595 to
603 1515 780 1610 circumficst
793 1520 881 1609 scunt.
928 1518 1051 1595 Paullo
1071 1519 1145 1618 post
1163 1546 1174 1593 a
1196 1518 1284 1592 Tunc
1300 1517 1391 1591 velut
1411 1522 1447 1590 in
1466 1540 1623 1591 carcerem
1650 1536 1725 1591 tota
1739 1542 1825 1614 gens
1837 1515 1909 1609 fcto

549 1615 689 1705 conclusa
710 1615 773 1699 cli,
799 1622 841 1690 (9⁸
865 1614 961 1707 ficret
982 1614 1160 1691 hominium
1180 1619 1298 1688 civitat
1324 1613 1401 1687 bello
1422 1610 1627 1704 obfidebatur.
1680 1618 1747 1689 Vl.
1777 1623 1908 1689 Furens

521 1800 524 1805 ι
550 1712 704 1812 populus
726 1736 745 1783 a
764 1713 975 1808 primoribus
998 1715 1190 1793 incitatus,
1214 1710 1383 1784 horrenda
1409 1712 1655 1809 imprecatione
1672 1705 1738 1786 fibi
1767 1707 1841 1787 suae
1868 1736 1907 1783 ue

550 1810 739 1907 posteritati
757 1812 921 1908 imputari
931 1813 1034 1908 petiit
1048 1804 1246 1908 sanguinem
1263 1803 1366 1920 Jesu‚
1388 1808 1607 1906 maluitque,
1634 1739 1909 1883 fivindicanius

551 1902 659 1989 effer,
685 1906 722 1978 in
756 1902 789 1978 se
808 1931 847 1978 ae
864 1906 1053 2004 nepotibus
1081 1900 1149 1978 suis
1174 1904 1373 1987 vindicari,
1403 1930 1508 2003 quam
1530 1926 1661 1977 utnon
1687 1904 1906 1983 funderetur.

552 2004 657 2076 Adeo
684 1997 904 2077 defidecabile
934 2000 1010 2102 rpfis
1027 1999 1254 2099 speuaculum
1277 2001 1459 2075 videbatur
1476 2048 1504 2085 ,..
1539 1996 1612 2075 esus
1632 1996 1782 2078 suffixus
1803 2005 1906 2081 cruci.

500 2123 503 2131 ·
550 2105 601 2172 At
620 2124 727 2196 quam
747 2093 859 2173 severe
882 2092 995 2173 fusum
1013 2099 1097 2172 Filii
1118 2095 1170 2172 sui
1185 2096 1384 2199 sanguinem
1402 2126 1422 2172 a
1439 2124 1494 2171 ma
1511 2099 1618 2170 edida
1641 2122 1748 2196 gente
1774 2097 1906 2201 popos-

549 2200 596 2272 cit
614 2194 736 2269 Deuse
761 2217 800 2268 ut
817 2196 956 2271 ardente
972 2195 1109 2294 templo
1130 2220 1209 2270 cum
1224 2197 1416 2296 porticibus
1435 2192 1503 2269 suis
1526 2242 1538 2278 ,
1566 2194 1809 2296 omnibusque
1829 2223 1906 2299 que

550 2295 637 2368 circa
660 2315 757 2365 erant
783 2289 964 2377 aedificiis,
987 2290 1223 2385 interfeiiocum
1239 2293 1363 2388 seznguis
1390 2298 1463 2387 igm
1482 2292 1604 2387 largior
1638 2290 1698 2385 effe
1726 2300 1907 2371 videretur.

510 2475 514 2494 Ι
548 2391 595 2463 Et
617 2389 770 2464 notabile
789 2389 983 2463 admodum
1002 2389 1074 2473 cst,
1102 2391 1201 2487 quod
1221 2391 1326 2462 Titus
1340 2390 1508 2488 profugos
1528 2390 1573 2463 ad
1589 2388 1693 2464 castra
1714 2390 1802 2477 sua,
1830 2416 1906 2467 ante

381 2529 407 2550 .·
548 2509 700 2560 mortem
717 2488 940 2572 verberatos,
963 2490 1001 2561 &
1026 2487 1142 2559 modis
1154 2486 1316 2559 omnibus
1337 2490 1581 2570 excruciatos,
1610 2510 1732 2564 contra
1758 2516 1903 2566 murum

495 2605 497 2610 ·
548 2585 642 2657 cruci
661 2578 774 2681 suffigi
797 2580 959 2675 jufferit,
999 2582 1191 2681 aliquando
1208 2585 1418 2682 quingentos
1437 2586 1473 2657 in
1490 2583 1565 2658 dies
1582 2581 1738 2684 singulos
1758 2614 1773 2677 3
1802 2587 1847 2663 sic
1869 2609 1905 2660 ut

544 2696 679 2774 propter
698 2681 932 2753 multitudinem
945 2679 1020 2772 jour
1027 2681 1163 2777 spatium
1177 2681 1321 2755 crucibus
1339 2677 1452 2773 deesset
1472 2734 1483 2762 ‚
1514 2686 1557 2758 (r
1575 2685 1761 2778 corporibus
1782 2712 1902 2762 cruces.

424 2782 427 2785 ’
549 2774 1145 2869 Josepb.deBclioJud.ur.xr1.
1190 2784 1320 2852 Nonne
1346 2777 1549 2852 tantundem
1580 2777 1627 2854 est
1648 2805 1686 2856 ac
1710 2780 1736 2855 si
1765 2784 1903 2860 coelitue

333 2881 341 2888 '
548 2864 755 2944 inclamasset
767 2875 865 2946 Deus
884 2900 897 2945 a
921 2897 1009 2948 nunc
1026 2875 1167 2946 tandem
1187 2876 1476 2959 animadvertite,
1504 2873 1640 2959 miseri,
1670 2880 1764 2977 quid
1782 2882 1903 2957 seceri-

547 2968 616 3047 tis,
643 2962 706 3040 sos
721 2969 881 3041 itatorem
900 2970 1047 3042 vestrum
1067 2970 1111 3044 ad
1126 2994 1258 3054 crucem
1271 2971 1501 3070 postulando,
1527 2977 1759 3078 petendoque
1777 2976 1902 3055 utfin-

368 3129 516 3194 lmm
548 3065 627 3162 guis
647 2992 750 3162 ipiius
773 3060 871 3164 super
886 3064 994 3141 vobis
1008 3063 1096 3141 fit&
1114 3063 1194 3140 filiis
1214 3070 1345 3145 vestris

367 3206 463 3263 macto
481 3174 529 3267 aa·
644 3166 853 3237 LXXXIII.
880 3165 1033 3237 Domine
1050 3160 1131 3263 Jesu
1148 3211 1163 3248 ,.
1192 3191 1298 3263 quem
1320 3193 1386 3241 noe
1402 3191 1521 3242 verum
1540 3170 1739 3247 &unicum
1751 3169 1903 3250 servato·

366 3280 522 3361 Jesumpro
547 3282 622 3332 rem
647 3257 804 3333 nostrum
836 3256 1084 3360 agnoscimus,
1124 3266 1240 3336 veniat
1262 3259 1399 3364 sanguis
1426 3287 1507 3339 tuus
1532 3264 1766 3364 superelecta
1788 3273 1898 3356 olim,

365 3362 528 3452 rotomum
548 3380 637 3430 nunc
660 3357 862 3455 repudiata,
890 3354 949 3429 sed
970 3360 1017 3432 ob
1047 3381 1160 3457 patres
1179 3359 1290 3436 adhuc
1315 3363 1468 3447 dilecta,
1512 3391 1550 3439 ac
1568 3365 1653 3438 stato
1675 3388 1847 3468 tempore
1869 3372 1903 3445 in

367 3454 436 3492 none
471 3456 537 3574 :nou
547 3455 691 3549 gratiam
713 3455 907 3552 recipienda
930 3477 1032 3552 gente
1054 3457 1225 3554 Judaica:
1252 3453 1309 3530 sed
1333 3462 1448 3533 veniat
1473 3461 1518 3534 ad
1545 3464 1728 3560 gratiam,
1757 3492 1836 3543 non
1860 3465 1903 3540 ed

365 3507 503 3590 Μὶν.
543 3549 746 3739 {agam
749 3579 783 3721 {I
793 3546 904 3649 fitque
921 3554 969 3628 iis
984 3548 1124 3654 sanguis
1140 3549 1361 3653 adspersionis
1378 3561 1517 3659 potiora
1533 3560 1684 3660 loquens
1710 3587 1829 3664 quam
1850 3564 1903 3641 lo·
