4667 5442
574 416 690 591 412³
784 399 1736 562 E.xnn'c·1·rr·r1oxv.³

575 626 664 701 vult.
714 632 750 698 T
751 652 817 701 une
834 652 869 701 es
890 626 949 701 ille
962 625 1132 725 Propheta
1152 624 1197 700 de
1216 653 1289 725 quo
1310 623 1456 703 Moses?
1481 615 1572 718 vel,
1595 632 1697 701 Tune
1708 650 1746 700 es
1755 624 1928 725 antiquo-

522 783 524 788 s
574 748 653 799 rum
666 723 912 821 Prophetarum
926 725 1051 820 aliquis
1073 748 1117 797 ex
1138 727 1284 798 mortuis
1301 721 1496 808 suscitatus,
1524 727 1689 837 Jeremias
1702 722 1863 807 fortassis,
1877 726 1931 798 ei·

503 816 522 912 ‚¹
575 843 619 891 ve
640 815 759 894 similis
783 818 796 890 ἓ
825 821 915 903 Vel,
935 821 1068 916 ecquid.
1081 822 1116 893 in
1129 824 1184 894 Te
1203 820 1469 918 prophetarum,
1497 815 1851 907 dtujamdesttorum,
1866 847 1926 893 or-

576 916 624 988 do
652 915 880 990 instauratur?
906 918 963 990 Ad
994 917 1200 991 haecomnia
1221 919 1417 1016 respondit,
1444 920 1498 994 uti
1520 917 1662 1001 debuit,
1689 923 1784 993 Non.
1835 920 1926 993 Non

575 1014 671 1084 enim
691 1037 784 1095 erat,
814 1012 871 1086 rel
892 1015 1051 1109 Propheta
1063 1012 1124 1087 ille
1144 1009 1235 1085 Most
1256 1011 1465 1130 promillqs,
1493 1015 1551 1088 vel
1570 1018 1737 1109 yeremias
1752 1036 1815 1087 aut
1835 1032 1926 1087 vete·

573 1132 646 1181 rum
663 1108 815 1203 aliquis,
844 1110 901 1182 vel
923 1136 1033 1182 novus
1051 1109 1221 1208 Propheta
1239 1111 1411 1185 veteribus
1431 1113 1467 1183 in
1483 1110 1669 1184 ministerio
1690 1106 1753 1182 suo
1777 1106 1927 1197 futtilia3

573 1197 633 1275 sed
645 1207 720 1301 plut
738 1229 842 1302 quam-
857 1207 1030 1303 Propbeta.
1078 1214 1205 1303 Neque
1224 1229 1362 1291 tamen,
1385 1209 1490 1289 dum,
1519 1207 1563 1279 ad
1590 1228 1756 1283 mentem
1771 1208 1927 1279 interro·

573 1302 753 1395 gantium,
781 1301 923 1384 Eliam,
950 1302 1008 1375 vel
1026 1302 1254 1400 Prophetam,
1275 1299 1307 1374 se
1329 1301 1392 1376 elle
1415 1305 1553 1402 negavit
1574 1327 1586 1388 3
1611 1324 1803 1400 utrumque
1823 1298 1925 1375 abso·

574 1398 648 1470 lute
673 1392 805 1494 negasse
827 1393 1010 1472 censendus
1030 1397 1087 1472 est.
1139 1404 1220 1471 Erat
1241 1401 1333 1473 enim
1352 1402 1389 1472 &
1407 1398 1524 1482 Elias,
1542 1402 1580 1471 ὃ(
1610 1395 1786 1497 Propheta
1807 1426 1821 1486 3
1854 1424 1920 1483 eo,

301 1560 303 1562 ,
575 1517 682 1590 quent
701 1518 809 1591 nuper
822 1520 866 1566 ex
891 1492 1102 1578 latravimus,
1123 1490 1230 1567 sensu.

397 1627 462 1700 m,
473 1620 571 1700 pepp,
673 1594 753 1663 Lll.
780 1520 937 1663 Tandem
950 1612 1118 1689 togatus,
1147 1593 1227 1688 quis
1243 1590 1393 1687 denique
1412 1586 1510 1673 esset,
1537 1590 1648 1673 dixit,
1671 1592 1761 1686 Ego,
1777 1593 1922 1667 north

399 1704 558 1759 vaticinium
576 1689 688 1760 mantia
705 1689 739 1758 in
756 1685 903 1777 deserto,
930 1691 1075 1782 Dirigitr
1092 1692 1166 1762 viar
1194 1690 1362 1769 Domini‚·
1403 1692 1657 1783 quemadmodum
1680 1691 1762 1761 dixit
1789 1688 1922 1784 Jesaia

398 1780 432 1837 δ’
444 1782 748 1874 vnete-Propheta.
796 1788 889 1854 Beue
906 1780 973 1865 est,
1001 1785 1100 1879 quod
1114 1782 1381 1858 existimaverint
1395 1782 1521 1881 legati,
1549 1778 1713 1856 nonsatis
1733 1780 1801 1856 elle
1823 1787 1920 1885 quod

399 1873 500 2003 :m
518 1876 714 1987 ''Junegaret
733 1875 767 1951 se
786 1874 850 1951 elle
864 1877 1041 1963 christum,
1064 1904 1124 1952 aut
1146 1880 1275 1960 Rham,
1298 1903 1357 1952 aut
1377 1881 1568 1977 Prophetam
1582 1880 1683 1953 illum
1710 1909 1721 1954 z
1758 1906 1920 1978 oportere

401 1953 527 2081 Julian}
579 1997 718 2058 autem,
745 1998 785 2048 ut
803 1973 984 2058 ostendat,
1012 1977 1100 2074 quid
1119 1977 1162 2049 de
1179 1973 1253 2075 ipso
1273 1977 1400 2049 dilium
1413 1973 1472 2058 stt,
1500 2000 1538 2048 ut
1552 1976 1654 2071 possit
1664 1974 1807 2073 agnosci
1819 1982 1857 2051 δι
1870 2006 1920 2053 re·

400 2084 487 2149 utre,
510 2073 670 2168 arcipi,
697 2093 862 2168 tanquam
886 2067 1001 2145 missus
1018 2098 1037 2144 a
1056 2078 1149 2147 Deo.
1199 2073 1354 2169 Ideoque
1374 2098 1444 2147 non
1464 2072 1561 2148 aliter
1585 2069 1770 2168 respondet
1793 2071 1857 2147 nist
1880 2100 1920 2149 ex

399 2160 783 2267 '33‘›³ttr·8cripturis:
810 2191 844 2241 at
873 2167 1069 2262 spartanis
1089 2168 1148 2243 ista
1177 2196 1255 2267 quae
1283 2169 1439 2242 Hebraeis
1461 2168 1637 2246 familiaris
1664 2166 1722 2243 est.
1774 2172 1920 2245 Perinde

394 2240 566 2371 mm
579 2267 670 2353 enim
688 2263 735 2338 est
755 2289 792 2337 ac
808 2261 831 2336 st
845 2262 1003 2348 dixisset,
1027 2270 1103 2364 Ego
1115 2265 1176 2339 ille
1196 2262 1291 2349 sum,
1320 2266 1362 2337 de
1384 2291 1456 2362 quo
1497 2264 1598 2339 esaias
1627 2262 1680 2338 his
1698 2269 1820 2341 verbis
1842 2293 1921 2366 pro·

303 2369 305 2373 ’
469 2311 569 2390 '‘mſs‘'
600 2361 759 2443 hetavit,
781 2361 856 2438 Vox
878 2361 1047 2437 clamantia
1061 2366 1095 2435 in
1112 2363 1288 2455 deserto«.
1337 2368 1469 2436 Verum
1508 2365 1562 2437 inc
1584 2386 1728 2459 quoque
1748 2389 1844 2438 nova
1863 2391 1919 2439 ex·

573 2388 684 2571 surgit
702 2456 896 2533 difficultas.
948 2461 993 2530 Et
1010 2461 1136 2532 mirum
1149 2459 1258 2532 videri
1268 2458 1401 2556 potest,
1429 2462 1491 2556 qul
1508 2458 1587 2532 huic
1605 2454 1766 2555 responso
1778 2464 1919 2560 acquie-

571 2578 685 2642 verint
701 2550 882 2641 Pharisaei3
907 2557 1075 2652 quoniam
1094 2550 1213 2654 Jet'aiae
1231 2556 1433 2629 vaticinium
1452 2556 1521 2628 alio
1541 2551 1686 2653 spedare
1703 2582 1776 2630 non
1788 2552 1917 2631 stneta·

572 2655 670 2726 tione
690 2652 781 2726 credi
807 2650 931 2748 potest.
982 2651 1078 2744 Qid
1099 2651 1195 2725 illius
1220 2654 1330 2725 aetatis
1349 2650 1507 2725 homines
1524 2652 1570 2742 de,
1597 2678 1640 2723 eo
1664 2653 1823 2727 arbitrari
1846 2651 1915 2735 fint,

598 2774 636 2821 ro
655 2770 747 2822 certo
765 2773 835 2821 non
855 2746 1017 2823 dixerim.
1067 2755 1152 2820 Non
1171 2750 1375 2821 recentiores
1394 2747 1504 2820 modo
1519 2747 1655 2848 Judaei,
1681 2742 1743 2820 sed
1760 2753 1798 2821 &
1817 2750 1915 2823 Chri·

570 2774 755 2921 hianoruitt
771 2842 1054 2940 Interpretumali
1082 2844 1285 2927 uammulti,
1308 2845 1453 2927 docent,
1479 2844 1684 2942 Prophetam
1696 2844 1801 2942 loqui
1812 2846 1857 2918 de
1866 2871 1915 2919 re·

571 2941 743 3016 velatione
775 2939 896 3040 gloriae
914 2940 983 3010 Dei
1005 2942 1040 3011 in
1058 2869 1265 3013 liberatione
1286 2942 1410 3037 populi
1438 2966 1481 3015 ex
1502 2938 1660 3015 servitute
1685 2942 1911 3041 Babylonica.

570 3039 615 3114 Id
636 3043 728 3111 enim
743 3036 880 3136 probari
901 3060 944 3107 ex
956 3059 1049 3109 nexu
1067 3039 1188 3134 capitis
1201 3062 1249 3112 xu
1272 3061 1350 3110 cum
1361 3063 1499 3113 xxxrx.
1548 3045 1642 3110 Nam
1659 3036 1845 3112 horrenda
1863 3038 1913 3112 illi

568 3138 678 3212 ruinae
696 3128 974 3231 Hierosolymae,
1002 3137 1040 3208 &
1058 3129 1293 3209 thesaurorum
1313 3136 1470 3207 omnium
1487 3130 1763 3230 transportationi
1783 3135 1913 3208 denun-

570 3236 668 3310 ciatae
691 3233 799 3328 capite
822 3229 1057 3313 antecedenti,
1083 3226 1204 3320 subjici
1220 3229 1410 3329 hoc-capite
1433 3228 1727 3314 consolationem,
1756 3230 1843 3305 faut
1858 3227 1911 3328 spe

571 3324 784 3404 miraculosa
800 3327 1014 3401 liberationis
1035 3356 1044 3400 :
1070 3332 1188 3401 Deum
1208 3331 1301 3401 enim
1319 3323 1529 3424 acquiescere
1548 3331 1582 3400 in
1602 3354 1702 3424 poena
1723 3352 1836 3426 quam
1850 3350 1911 3426 pro

568 3428 752 3525 iniquitate
768 3422 826 3499 sua
837 3420 1081 3523 Hierosolyma
1093 3424 1272 3522 pependit.
1321 3431 1440 3519 ltaque
1458 3445 1552 3535 ,untp
1574 3420 1637 3533 htp
1657 3422 1712 3516 effe
1727 3450 1913 3499 votorum

567 3528 657 3597 nium
678 3525 931 3620 Prophetarum,
953 3521 1193 3595 liberationem
1210 3520 1306 3593 illam
1318 3522 1598 3617 praedicentium,
1626 3523 1789 3617 Jeremiae
1810 3522 1910 3595 nimi·

567 3643 645 3695 rum
664 3665 677 3701 ,
703 3618 918 3702 Ezechielis,
945 3620 983 3692 &
1001 3617 1183 3699 Danielis,
1211 3612 1271 3689 nist
1289 3619 1368 3715 quis
1400 3620 1498 3692 malit
1517 3617 1709 3717 intelligere
1731 3643 1845 3694 vocent
1860 3623 1913 3691 ta·

567 3719 749 3796 terdotrmt,
770 3716 943 3815 populum
957 3713 1001 3787 ad
1021 3717 1154 3787 exitum
1167 3713 1376 3811 eBabylone
1391 3712 1625 3787 hortantium:
1651 3734 1912 3813 autvorerrrpra·

566 3836 675 3887 conum
691 3817 755 3885 aC
782 3838 821 3885 ro
843 3810 1116 3909 quaquaversum
1133 3804 1321 3883 missorum.
1370 3820 1497 3892 Porro,
1517 3811 1613 3884 illam
1623 3835 1748 3885 vocem
1759 3812 1924 3908 auditam,

568 3902 631 3979 elle
653 3910 687 3980 itt
705 3840 846 3998 desero,
869 3903 936 3982 stve
953 3910 989 3980 in
1008 3908 1147 3998 Judaa,
1169 3926 1252 3978 tunc
1270 3930 1386 3979 revera
1407 3905 1564 3981 deserta:
1589 3902 1655 3980 five
1671 3908 1707 3979 iu
1733 3905 1911 4002 Babylottt',

595 4028 674 4076 uam
693 4030 759 4102 pro
780 4002 912 4078 deserto
932 4001 991 4077 stbi
1006 4000 1176 4076 habebant
1194 4003 1337 4100 Judaei:
1363 3999 1429 4075 stve
1449 4007 1483 4077 in
1499 4008 1555 4077 via
1574 4002 1713 4091 deserta,
1739 4029 1812 4103 qua
1829 4030 1911 4079 eun·

567 4028 655 4172 dum
673 4101 919 4175 revertentibus
932 4123 1014 4176 etat.
1064 4105 1249 4175 Parandam
1267 4121 1349 4197 ergo
1366 4098 1459 4172 suille
1476 4105 1564 4175 viam
1583 4104 1718 4195 Jebova
1735 4147 1748 4183 ,
1777 4104 1912 4176 omnia·

570 4221 640 4293 que
657 4197 904 4292 impedimenta
923 4196 1137 4279 amovenda,
1165 4196 1292 4292 quibus
1312 4195 1534 4293 prohibeatur
1556 4200 1621 4269 Dei
1636 4195 1810 4294 populus,
1838 4223 1912 4296 quo

571 4294 686 4365 minus
700 4292 815 4365 faustis
834 4297 1007 4369 ominibus
1031 4296 1070 4367 in
1085 4295 1232 4390 patriam
1258 4316 1436 4368 remearet.
1487 4296 1617 4370 Omnia
1628 4292 1700 4375 haec
1718 4288 1791 4367 fieri
1808 4297 1914 4390 ,Jeru-

570 4415 636 4479 vr,
654 4388 890 4489 Derlstae'ir'n
915 4394 977 4491 qui
989 4390 1097 4477 veluti
1106 4394 1188 4474 Rex
1196 4413 1273 4471 cunr
1283 4391 1418 4493 populo
1428 4386 1491 4468 suo
1499 4384 1691 4493 prodiuPs·
1704 4415 1822 4473 ωινιι
1817 4417 1858 4566 lq
1856 4399 1911 4564 ,i

1899 4538 1910 4573 Ι
