4667 5442
493 529 504 624 '.
534 517 636 624 422
799 494 969 585 Exn
1008 519 1044 591 it
1081 520 1113 585 c
1152 519 1171 583 1
1210 518 1383 585 TA'r
1422 520 1512 588 10
1581 491 1692 590 XV·

539 656 715 760 respondit
733 679 899 730 eventus:
926 660 978 729 uti
995 659 1088 730 enim
1109 653 1228 732 fideles
1245 661 1391 754 Spiritus
1412 655 1463 732 sui
1480 660 1582 733 donis
1595 655 1831 733 liberalissime
1843 653 1903 726 di·

540 759 628 832 tavit
647 752 801 829 Christus
821 802 832 836 ,
860 756 907 825 ita
928 754 1072 834 rebelles
1085 754 1165 827 aestu
1180 758 1237 829 irae
1252 757 1343 839 suae,
1372 761 1408 830 &
1421 760 1515 831 urbis
1529 757 1723 855 templique
1722 754 1902 925 {lammis

445 885 456 926 i
543 854 764 952 implicitos,
799 851 883 942 iusta
900 847 1077 925 severitate
1096 852 1239 926 delevit.
1289 860 1335 927 Et
1358 854 1444 929 hanc
1463 880 1607 952 quoque
1635 879 1727 950 expo
1755 855 1902 926 tionem

367 1025 370 1036 ,
491 1012 500 1026 .
541 974 614 1025 tam
637 952 840 1024 concinnam
854 944 916 1019 elle
929 952 1100 1030 arbitror,
1128 972 1167 1021 ut
1185 945 1262 1022 solo
1278 954 1439 1024 novitatis
1463 952 1663 1050 praejudicio
1678 945 1901 1046 exsibilanda

431 1057 433 1062 '
541 1074 613 1122 noir
635 1043 685 1120 sit.
737 1046 904 1119 Liberum
921 1072 1050 1141 perine
1066 1048 1191 1141 cuique
1204 1070 1308 1145 atque
1325 1050 1498 1147 integrum
1519 1046 1668 1145 eligendi
1681 1047 1736 1136 jus
1755 1043 1845 1117 elio.

359 1175 535 1247 mmm„
641 1148 774 1218 LXIII.
800 1152 839 1217 In
872 1144 968 1214 omni
993 1141 1181 1215 ministerio
1202 1146 1371 1245 Johannis
1399 1144 1486 1217 nihil
1507 1147 1537 1215 ei
1556 1146 1693 1217 videtur
1710 1132 1898 1238 contigisse

358 1252 493 1337 praemii
541 1237 750 1343 gloriosius,
780 1266 884 1338 quam
912 1242 1010 1335 quod
1033 1239 1200 1335 baptizari
1220 1242 1262 1314 ab
1282 1237 1357 1338 ipso
1386 1242 1560 1314 Dominus
1582 1240 1750 1313 voluerit.
1803 1243 1896 1310 Eam

361 1328 520 1400 christoad
544 1342 636 1413 enim
659 1364 752 1421 iem,
776 1360 942 1434 tanquam
962 1337 1094 1434 oppido
1115 1337 1377 1411 memorabilem
1399 1359 1466 1410 tres
1485 1334 1711 1436 Evangelillae
1730 1336 1896 1412 unanimi

360 1405 532 1544 {ww}
541 1431 704 1510 'consensu
717 1434 906 1515 tradidere,
934 1457 1077 1530 quartus
1096 1431 1215 1507 fastam
1226 1460 1297 1508 non
1315 1435 1459 1530 quidem
1475 1457 1605 1517 narrat,
1631 1428 1691 1506 sed
1708 1455 1831 1506 tamen
1842 1435 1897 1504 iii·

362 1524 527 1637 &papium
544 1536 633 1607 nuit.
660 1534 752 1610 Venit
775 1531 876 1624 θείω
897 1530 1088 1612 ecauua,
1110 1556 1154 1605 ex
1170 1536 1281 1630 oppido
1300 1532 1526 1620 Namatio,
1550 1536 1594 1603 aci
1614 1536 1826 1625 jordanem,
1853 1532 1894 1602 ad

359 1636 533 1715 abeoperm.
541 1632 741 1726 Johannem,
757 1649 795 1701 ut
812 1629 1040 1724 baptizaretur
1050 1628 1091 1701 ab
1110 1655 1155 1703 eo.
1204 1632 1297 1703 Mira
1309 1631 1485 1703 enimvero
1495 1645 1569 1710 res,
1595 1632 1633 1700 &
1645 1627 1747 1725 quod
1759 1630 1892 1700 venerit

539 1729 586 1801 ad
600 1730 814 1824 Johannem,
843 1726 991 1822 &quod
1007 1725 1176 1822 baptizari
1191 1726 1233 1798 ab
1258 1753 1300 1798 eo
1321 1726 1483 1799 voluerit.
1535 1727 1653 1797 Videri
1667 1721 1745 1808 sane
1759 1721 1886 1821 potest,

540 1826 709 1926 Johannis
729 1827 847 1921 potius
866 1817 980 1904 suille,
1007 1825 1052 1895 ad
1064 1824 1238 1897 Chrisium
1249 1827 1386 1902 venire,
1414 1849 1520 1919 quam
1534 1820 1678 1903 Christi,
1700 1821 1745 1900 ad
1759 1820 1893 1919 Johan-

543 1950 624 1997 nem
644 1950 655 2009 3
680 1918 789 2001 servi,
818 1921 861 1992 ad
887 1923 1111 2003 Dominum,
1140 1945 1246 2017 quam
1275 1921 1442 2001 Domini,
1465 1920 1509 1990 ad
1531 1915 1679 1992 servum.
1734 1922 1781 1990 Et
1803 1915 1892 2015 quid

542 2020 710 2101 Christo,
739 2022 801 2115 qui
823 2016 894 2115 ipsa
911 2003 1040 2113 puritas
1062 2021 1098 2089 δε
1118 2014 1270 2089 inuitas
1286 2015 1358 2097 est,
1388 2041 1468 2089 cum
1489 2011 1690 2112 Baptismo,
1719 2015 1825 2112 quod
1846 2011 1891 2085 est

490 2119 492 2124 ’
540 2117 794 2192 Sacramentum
813 2115 1024 2211 poenitentiae
1041 2113 1292 2187 &remissionis
1310 2111 1566 2210 peccatorum?
1602 2117 1782 2185 Caeterum
1802 2136 1891 2209 prae·

539 2216 685 2290 dicanda
705 2207 759 2285 hic
778 2212 879 2282 nobis
892 2210 945 2304 est
959 2209 1038 2309 Jesu
1051 2210 1177 2284 Christi
1196 2214 1340 2282 comitas
1362 2206 1659 2290 &suprasolarium
1684 2209 1787 2305 quod
1802 2207 1890 2307 libe·

542 2339 600 2393 re,
620 2338 690 2386 non
709 2314 843 2393 coade,
870 2306 1011 2403 sponte,
1034 2334 1105 2381 non
1124 2334 1166 2380 ex
1185 2309 1323 2391 offici03
1350 2332 1393 2376 ex
1406 2302 1655 2403 dispensatione
1676 2306 1888 2384 voluntaria,

539 2435 613 2481 non
635 2435 678 2480 ex
698 2408 934 2508 obligatione3
959 2403 1061 2478 nostri
1083 2399 1210 2486 caussa,
1234 2428 1303 2494 non
1323 2398 1395 2487 sui3
1421 2406 1536 2476 venire
1557 2405 1599 2474 ad
1617 2401 1815 2503 Johannem
1826 2425 1892 2472 vo-

540 2505 666 2578 luerit:
692 2528 733 2576 ut
748 2501 936 2575 ministerio
952 2501 1121 2603 Johannis
1142 2500 1313 2573 honorem
1331 2499 1551 2582 conciliaret,
1572 2498 1732 2598 illudque
1758 2499 1892 2600 Judaeis

541 2601 826 2680 commendaret,
853 2596 998 2696 ipsoque
1020 2599 1106 2672 sado
1135 2596 1409 2696 comprobaret,
1437 2597 1490 2698 ad.
1502 2598 1584 2671 illos
1605 2593 1638 2669 se
1647 2600 1767 2670 venire
1795 2621 1834 2670 ac
1858 2592 1890 2667 se

540 2695 743 2792 praesentem
763 2692 870 2768 sistere
891 2698 952 2791 qui
971 2696 1102 2768 strenue
1120 2698 1238 2768 officio
1254 2694 1315 2768 suo
1332 2693 1566 2790 desunguhtur
1585 2741 1595 2777 ,
1623 2695 1890 2792 &poenitentiae

542 2819 582 2865 ac
600 2790 678 2863 fidei
692 2793 942 2889 promovendae
962 2818 1101 2887 operam
1123 2793 1219 2864 dant.
1258 2793 1443 2886 ¹Baptizari
1462 2813 1578 2863 autem
1597 2792 1713 2865 voluit
1728 2840 1755 2875 „
1771 2814 1812 2864 ut
1829 2814 1888 2863 au·

538 2892 732 2962 {toritatem
744 2889 940 2960 conciliaret
954 2886 1131 2984 Baptismo
1145 2885 1312 2987 Johannis
1327 2915 1338 2959 t
1364 2913 1404 2960 ut
1415 2889 1623 2972 ostenderet,
1645 2888 1678 2961 se
1688 2912 1795 2989 caput
1805 2889 1887 2986 bap·

535 2990 725 3060 tizatorum
740 2982 804 3055 esse
824 3032 837 3066 ,
866 3008 968 3081 aeque
989 3010 1026 3057 ac
1045 2984 1321 3058 circumcisorum
1340 3032 1351 3066 ,
1389 2988 1426 3057 &
1438 2990 1744 3071 communionem.
1761 2986 1887 3059 habete

535 3110 617 3160 cum
637 3078 814 3180 utrisque,
833 3082 895 3180 qui
914 3083 1065 3153 venitur
1083 3106 1126 3153 ex
1142 3076 1295 3179 utrisque
1309 3080 1431 3157 laceret
1439 3108 1573 3156 unum:
1598 3107 1639 3156 ut
1649 3084 1819 3182 exemplo
1828 3079 1888 3155 suo

537 3186 577 3255 ὃς
595 3179 902 3254 commendaret&
919 3173 1134 3252 ἷεηᾶἰῇεαιοτ
1153 3174 1369 3277 Baptismum
1389 3180 1567 3263 nostrum,
1594 3206 1696 3280 aeque
1717 3206 1758 3254 ac
1772 3188 1887 3255 Sacra·

538 3302 655 3352 meiira
675 3278 741 3351 alia
765 3323 776 3357 ,
803 3274 933 3374 quibus
951 3270 985 3346 se
1006 3272 1175 3367 subjecit,
1210 3302 1253 3348 ne
1272 3275 1433 3350 homines
1455 3302 1676 3377 gravarentur
1703 3283 1825 3352 venire
1845 3274 1887 3350 ad

536 3372 753 3473 Baptismum
770 3374 915 3459 Domini
934 3419 946 3455 ,
974 3398 1083 3469 quum
1105 3376 1282 3447 Dominus
1301 3397 1460 3473 gravatus
1484 3402 1555 3449 noii
1582 3376 1685 3448 suerit
1705 3369 1825 3450 venire
1842 3372 1886 3446 ad

537 3467 753 3567 Baptismum
775 3466 860 3542 servi
884 3498 894 3543 ε
921 3492 960 3541 ut
982 3468 1160 3567 Baptismo
1180 3470 1242 3543 suo
1260 3473 1505 3555 adumbrarct,
1531 3474 1648 3570 qualis
1670 3468 1752 3546 elset
1776 3474 1887 3547 sutura

536 3572 575 3640 &
588 3567 727 3640 suorum
747 3567 925 3661 conditio,
952 3564 1095 3639 humilis
1109 3570 1248 3663 primo,
1277 3594 1363 3643 mox
1374 3567 1548 3669 gloriosa,
1574 3570 1801 3652 antecedente
1815 3568 1888 3643 exi·

535 3666 713 3736 nanirione
725 3709 737 3745 ,
764 3658 962 3737 succedente
978 3658 1253 3761 glorificatione,
1281 3666 1343 3738 illa
1364 3666 1596 3752 adumbranda
1628 3673 1679 3740 'er
1693 3665 1887 3742 immerfio·

535 3786 640 3842 nem,
667 3758 807 3929 hacoper
818 3755 1042 3832 emersionem
1061 3787 1071 3833 t
1098 3783 1138 3833 ut
1155 3765 1363 3835 sacramenti
1374 3761 1475 3851 hujus
1487 3760 1550 3836 usu
1566 3769 1601 3862 ip
1617 3760 1885 3839 iconsirmaren·

534 3877 590 3929 tur
608 3858 723 3954 promi
751 3881 847 3930 iones
864 3860 952 3955 paui
963 3903 974 3938 ,
1001 3857 1101 3953 quod
1119 3859 1208 3931 inter
1224 3866 1357 3934 Patrem
1372 3856 1529 3957 &ipsum
1540 3884 1612 3934 erar
1623 3908 1634 3944 ,
1665 3862 1710 3934 de
1721 3862 1888 3936 abolitio·

535 3977 581 4025 ne
601 3974 815 4049 peccatorum
834 3979 914 4053 quae
930 3955 966 4025 in
985 3949 1019 4026 se
1030 3950 1242 4051 susceperat,
1269 3959 1307 4029 ὅ(
1325 3954 1557 4047 iustificatione
1570 3984 1608 4032 ac
1623 3956 1885 4035 sansiificatione

533 4074 659 4123 eorum
677 4075 828 4149 quorum
837 4046 1015 4149 personam
1032 4052 1206 4149 gerebat,
1234 4055 1271 4126 &
1294 4053 1338 4125 de
1355 4050 1593 4129 resurreetione
1609 4053 1790 4154 gloriosa,
1818 4081 1885 4156 qua

533 4144 726 4220 emersurus
745 4171 815 4222 erat
838 4175 882 4221 ex
906 4151 1008 4248 aquis
1025 4147 1303 4223 tribulationum.
1329 4147 1383 4225 Ps.
1407 4177 1478 4225 cx:
1500 4173 1534 4236 7.
1553 4153 1730 4251 denique,
1757 4176 1799 4227 ur
1816 4148 1885 4254 ipsa

534 4268 682 4343 quoque
701 4239 885 4341 spontanea
904 4245 966 4319 hac
980 4241 1147 4344 Baptismi
1165 4244 1338 4321 subitione
1365 4244 1605 4346 profiteretur,
1633 4252 1668 4323 in
1687 4246 1724 4324 se
1748 4275 1885 4326 moram

532 4366 607 4415 non
625 4342 720 4424 sore,
748 4366 822 4439 quo
834 4346 949 4417 minus
961 4343 1186 4443 mergendum
1197 4340 1458 4423 ferocientibus
1471 4346 1595 4423 iiiserni
1613 4346 1786 4433 traderet,
1807 4373 1883 4427 curn

531 4462 624 4515 corn
641 4462 756 4515 rameii
776 4434 845 4514 fide
866 4464 903 4514 ac
922 4438 979 4540 spe
993 4442 1203 4543 emergendi.

737 4581 740 4588 '
1744 4546 1885 4630 wae
