4667 5442
487 510 588 624 310
717 447 1436 586 Exit-cruere
1506 477 1621 578 XII.

483 648 1510 834 urnam
1529 641 1609 816 s-:r
1623 642 1838 827 uelut·

483 853 561 951 poll
579 852 784 951 diligentem
802 794 1109 927 delibeiatioirem,
1136 849 1290 915 austures
1309 842 1463 917 Soldano
1475 769 1645 924 fieruni,
1677 865 1726 914 ne
1738 835 1838 915 sande

482 949 576 1048 pacis
592 951 665 1040 jura
680 948 845 1027 uiolaret,
872 940 933 1017 sed
951 947 992 1015 ad
1009 944 1174 1022 omnm,
1201 936 1244 1013 src
1261 939 1398 1031 ajebant
1417 985 1429 1022 ,
1456 935 1726 1020 (bailiarum
1746 935 1837 1030 aad*

478 1044 618 1139 fiunem,
643 1043 705 1145 ipsr
728 1042 929 1142 Imperatori
951 1034 1126 1113 sceleratas
1148 1037 1265 1109 literas
1287 1038 1452 1110 mitteret.
1503 1033 1622 1125 Quod
1643 1037 1690 1110 &
1711 1033 1834 1110 fatum

484 1142 709 1242 Tragoediam
728 1140 823 1214 hanc·
834 1138 972 1237 prolixe
991 1156 1103 1209 narrat
1119 1139 1244 1208 Mater.
1262 1133 1367 1223 Paris.
1381 1152 1416 1231 p.
1433 1137 1516 1224 246.
1568 1129 1649 1204 sed
1669 1131 1759 1206 urbs
1772 1137 1836 1208 ffl-

483 1239 637 1336 rosolyma
670 1237 747 1337 poll
775 1259 883 1308 annos
911 1257 1019 1313 xvi,
1054 1256 1136 1304 cum
1167 1228 1350 1302 haberetur
1380 1253 1489 1304 annus
1520 1253 1606 1304 aerae
1642 1227 1836 1304 Christiane

485 1359 682 1412 uccxrrv.
703 1359 723 1406 a
746 1334 881 1406 Soldano
901 1328 1075 1426 Babylonio
1088 1321 1202 1401 rursus
1224 1324 1425 1400 Christianis
1448 1349 1614 1402 extorta:
1646 1327 1835 1426 eodemque

483 1433 548 1507 illo
570 1456 660 1504 anno
680 1425 795 1503 mense
814 1426 959 1499 ouobri
979 1472 991 1508 ,
1018 1422 1201 1499 Christiani
1219 1424 1353 1521 ingenti
1382 1424 1501 1520 praelio
1520 1423 1562 1496 in
1585 1422 1780 1498 Palaellina
1795 1425 1836 1496 ri·

482 1532 555 1611 ui,
582 1551 762 1626 propeque
784 1523 890 1598 deleti
906 1522 1030 1602 fuere,
1056 1523 1195 1593 vivente
1217 1541 1293 1592 tum
1305 1515 1417 1592 adhuc
1435 1523 1694 1618 &imperante
1707 1521 1836 1594 Fridoi·

483 1652 526 1700 eo
548 1631 603 1707 ll,
632 1647 750 1695 rerum
769 1623 856 1694 intra
872 1640 1063 1691 vertentem
1079 1640 1211 1689 annum
1229 1613 1404 1713 posthanc
1420 1616 1757 1693 clademextindto.
1772 1623 1833 1692 Nee

482 1744 598 1797 tamen
641 1743 797 1816 ropteaea
816 1717 924 1790 iidem
946 1709 1015 1787 sese
1031 1709 1286 1793 deseruerunt,
1314 1710 1391 1785 freti
1412 1712 1557 1812 oppidis
1579 1713 1832 1815 compluribus,

483 1843 563 1919 quae
578 1745 689 1890 adlluc
707 1839 785 1888 tum
804 1813 899 1895 illic,
924 1834 1003 1884 tum
1020 1813 1058 1883 in
1080 1810 1217 1909 reliqua
1233 1810 1354 1909 Syria,
1380 1812 1419 1883 δι
1431 1811 1556 1887 vicinis
1568 1810 1832 1910 regionibutte·

482 1916 620 1989 nebant.
672 1919 711 1987 ln
728 1937 803 2010 quo
819 1934 965 1983 numero
977 1907 1176 1989 Antiodria,
1199 1906 1305 2019 Tyras
1325 1951 1339 1988 ,
1361 1911 1459 1983 Sidon
1477 1960 1489 1990 ‚
1514 1913 1670 2002 Berytus
1689 1962 1704 1992 ‚
1727 1915 1834 2007 ‚June

482 2012 653 2102 Castana,
677 2002 917 2106 imprimisque
936 2008 1142 2089 Ptolemae,
1165 2001 1296 2102 inipso
1319 2002 1438 2078 littore
1468 2028 1551 2079 eum
1581 2005 1832 2104 percommodo

482 2131 589 2209 portu
611 2103 693 2180 sita:
720 2109 847 2203 inqua
860 2104 898 2180 V
893 2105 977 2176 eneti
998 2104 1036 2175 &
1047 2100 1222 2191 Gerousa
1239 2127 1279 2174 ac
1291 2099 1401 2189 Prfani
1411 2102 1634 2200 praecipuum
1648 2105 1833 2204 emporium

479 2207 649 2279 mercium
667 2201 901 2277 Orientalium
913 2197 1183 2283 eordlituerant,
1208 2198 1324 2272 multo
1344 2220 1501 2297 tempore
1529 2201 1742 2276 concordes
1763 2205 1834 2276 inter

481 2300 529 2378 le.
574 2300 644 2375 Sed
668 2324 759 2372 anno
778 2296 907 2373 Chrilli
923 2323 1081 2381 raccrx,
1106 2321 1218 2394 quum
1235 2316 1338 2394 rupta
1367 2294 1552 2370 concordia
1573 2295 1700 2372 iidem
1721 2301 1759 2373 in
1776 2297 1835 2372 bel·

479 2400 557 2476 lum
578 2390 787 2480 exarsrllent,
854 2421 917 2469 ave
933 2395 1183 2468 detrimentum
1198 2394 1303 2467 rebus
1320 2391 1524 2468 Christianis
1539 2391 1724 2471 intulere.
1771 2401 1834 2472 No·

481 2496 627 2573 litorum
646 2495 779 2592 quippe
852 2492 968 2568 cordia
989 2517 1044 2563 res
1064 2487 1218 2589 ipsorum
1237 2490 1393 2573 debiles,
1420 2487 1646 2564 reshostium
1664 2491 1835 2568 concordii

479 2593 607 2666 validae
627 2589 741 2673 fatiae,
765 2593 807 2664 δι
819 2595 955 2701 AEgypti
970 2586 1124 2663 oum
1142 2592 1309 2682 Boudegar
1324 2588 1468 2661 audacia
1478 2583 1624 2687 sumpta
1636 2614 1740 2664 anno
1750 2587 1834 2666 cliri-

477 2687 523 2764 lli
544 2707 794 2764 ueouxvrrr.
808 2692 944 2782 Syriam
961 2710 1044 2760 eum
1062 2687 1217 2760 exercitu
1240 2688 1434 2784 percurrit,
1462 2684 1539 2759 loca
1558 2687 1731 2784 plurima
1750 2689 1833 2786 cepit,

482 2784 699 2878 christianos
724 2785 859 2880 ubique
887 2780 1041 2865 afflixit,
1066 2786 1103 2859 in
1129 2784 1331 2856 Armeniam
1360 2808 1432 2881 quo
1460 2806 1504 2853 ue
1521 2784 1716 2881 impetum
1731 2785 1830 2866 dedit,

480 2884 663 2980 multaque
681 2881 815 2954 ibidem
829 2878 991 2954 vallavit:
1017 2878 1100 2952 inde
1113 2876 1299 2960 reversus,
1326 2809 1550 2954 nuendum
1576 2880 1833 2984 urbiumsyrb

480 2981 660 3080 quondam
675 2977 863 3050 maximam
882 3019 895 3058 ,
920 2997 997 3048 nun
1018 2975 1098 3075 fuga
1109 2973 1418 3076 propedesertam,
1444 2972 1589 3060 invasit,
1618 2978 1760 3064 diruit,
1782 3001 1831 3078 pe·

479 3103 526 3154 ne
545 3075 688 3154 excidit.
737 3078 842 3146 Anno
857 3095 976 3146 autem
1000 3068 1164 3170 sequente
1184 3072 1229 3146 ad
1256 3073 1479 3173 reparandam
1508 3073 1704 3152 fortunam
1722 3077 1833 3154 exetd·

479 3196 538 3250 tus
555 3177 592 3248 in
608 3168 825 3250 Palaestinam
845 3169 1020 3267 profecti,
1046 3172 1083 3244 in
1103 3170 1235 3270 quibus
1259 3178 1427 3246 Eduardm
1448 3171 1589 3273 Angliae
1607 3177 1716 3274 regie
1739 3175 1831 3258 lim,

479 3271 715 3348 &ladovicus
727 3269 795 3343 1x.
807 3266 937 3342 Galliae
955 3294 1047 3351 rex,
1075 3294 1154 3343 cum
1180 3269 1337 3342 fratribus
1355 3269 1392 3341 in
1421 3269 1536 3343 Africa
1562 3274 1768 3348 Saracenos
1784 3293 1830 3384 tq·

522 3364 630 3452 effus,
655 3367 793 3444 labores
813 3367 851 3439 δι
871 3365 1049 3464 impendia
1060 3367 1252 3465 perdidere.
1303 3373 1398 3441 Nam
1409 3369 1448 3440 δι
1459 3364 1609 3441 Gallum
1627 3393 1726 3446 cum
1741 3371 1831 3446 fram·

505 3491 547 3541 us
571 3466 712 3540 duobus
744 3485 978 3561 magnamque
1007 3466 1178 3539 exercitus
1205 3465 1279 3555 ejus
1299 3486 1432 3562 partem
1451 3460 1554 3562 pellis
1574 3465 1626 3538 ad
1659 3467 1830 3566 Cardrrgi·

478 3587 561 3640 nem
577 3555 762 3655 absumpfit
781 3605 793 3642 ,
820 3562 858 3634 ἃ
874 3561 1031 3659 Anglum
1057 3559 1240 3644 frustranea
1268 3556 1475 3658 exspeliatio
1491 3559 1595 3634 Galli
1615 3607 1629 3668 ,
1662 3567 1735 3664 qui
1756 3561 1828 3640 seir

478 3657 615 3759 Syriam
625 3652 819 3732 secuturum
834 3681 914 3730 cum
928 3657 1080 3730 exercitu
1092 3653 1314 3753 promiserat,
1342 3660 1381 3730 &
1397 3654 1504 3732 disere
1528 3661 1831 3764 antiaperegrino·

477 3779 557 3832 rum
574 3747 713 3829 consilia
731 3799 744 3839 ,
771 3752 867 3830 nulla
882 3751 1035 3827 conferta
1048 3777 1085 3825 re
1098 3754 1245 3826 domum
1252 3754 1366 3828 ‘redire
1382 3683 1645 3855 compuierunt.
1705 3763 1830 3835 Fadn

503 3851 792 3928 uadriennioante
808 3872 916 3949 quarn
929 3849 1111 3943 Rudotpbns
1123 3848 1367 3946 Habspurgenfis
1383 3855 1625 3950 imperatorin
1645 3856 1829 3934 Gemini

475 3877 728 4050 deligrraretru,
753 3948 1044 4044 &interregnum
1054 3947 1196 4025 exitiale
1208 3943 1313 4020 finem
1330 3970 1478 4047 caperet.
1527 3949 1641 4036 Inde,
1673 3956 1832 4030 nomeu·

476 4057 617 4121 morum
635 4043 845 4121 tumultibus
874 4044 1078 4140 interreges
1107 4047 1334 4145 &principes
1362 4051 1510 4146 Europe
1531 4050 1649 4133 ortis,
1681 4079 1761 4128 non
1777 4075 1831 4152 po·

476 4164 578 4219 tuero
597 4167 688 4258 pova
706 4139 837 4252 auxilia
858 4138 1095 4255 laborantibus
1113 4143 1152 4216 in'
1172 4143 1299 4243 Syria,
1325 4165 1432 4242 atque
1449 4143 1540 4216 adeo
1558 4146 1657 4222 inter
1685 4145 1726 4224 se
1752 4171 1832 4250 quo·

475 4335 1053 4414 m
1401 4240 1832 4432 urente

474 4438 558 4539 pit,
584 4432 738 4527 excidit,
761 4429 934 4528 minutam
951 4433 1216 4516 multitudinem
1234 4432 1508 4520 Chrilbruontor
1525 4439 1758 4536 muravit,
1777 4443 1833 4538 l)-

1755 4561 1831 4626 mr
