4667 5442
446 477 710 640 476ι
796 499 1513 625 Exanctrnrro
1582 417 1826 592 XVnL'

570 671 702 835 clamesn
723 662 832 737 modo
854 659 1066 738 conscientiae
1086 659 1278 745 tribuatur,
1305 686 1395 735 nunc
1414 659 1601 740 nesciocui
1620 657 1932 739 reiaconscientia

572 763 668 836 diver
681 761 732 834 ae?

351 924 354 929 .
394 886 502 950 mv,
671 861 811 932 XXIV.
838 860 930 935 Utut
946 851 1008 938 fit,
1034 877 1107 929 tota
1120 851 1181 928 dis
1196 858 1308 929 utatio
1324 879 1393 930 tam
1405 852 1513 932 calide
1527 858 1673 955 agitata,
1701 860 1737 932 in
1761 856 1929 1027 friquam

395 964 543 1037 scripture
573 956 768 1040 λογομαχίαν
785 957 931 1029 recidit:
961 954 998 1026 id
1015 955 1107 1025 enim
1127 883 1238 1026 solim
1261 958 1447 1051 quaeritur,
1476 976 1592 1028 utrum
1611 958 1750 1031 animus
1766 956 1806 1044 iu
1836 955 1925 1030 'cant

369 1040 534 1131 *coeamus
575 1047 718 1126 circavi
736 1046 935 1147 opacabst
965 1050 1094 1122 fortean
1113 1050 1203 1122 male
1230 1052 1384 1141 judicet,
1421 1049 1626 1124 conscientia
1647 1052 1717 1127 dici
1740 1073 1927 1127 mereatur.

388 1115 563 1265 fimf*
574 1155 621 1222 At
641 1150 850 1248 quantillum
868 1148 936 1220 hoc
949 1144 1020 1219 esti
1045 1151 1090 1218 Et
1108 1144 1150 1219 lic
1163 1170 1277 1219 tamen
1295 1169 1383 1244 puto
1403 1171 1468 1221 nos
1497 1149 1708 1244 Scripturam
1731 1173 1800 1245 pro
1822 1150 1925 1221 nobis

518 1232 528 1252 ’
571 1244 708 1318 habere.
759 1251 854 1319 Nam
875 1245 999 1318 Paulus
1011 1242 1227 1332 conscientiam
1244 1267 1347 1317 vocat
1369 1268 1444 1316 eam
1464 1268 1544 1341 quae
1564 1245 1705 1320 alterius
1722 1244 1924 1320 libertatem

531 1405 537 1414 .
571 1340 692 1434 injuste
713 1341 864 1414 damnat.

395 1420 488 1523 niv,
497 1459 567 1517 c„-
672 1442 799 1510 XXV.
825 1438 922 1509 Novi
943 1435 1097 1533 aliquem
1111 1438 1172 1534 qui
1189 1436 1296 1519 dicit,
1322 1437 1537 1526 conscientiam
1549 1439 1635 1513 illam
1649 1462 1719 1537 quc
1733 1442 1873 1514 nonam
1883 1440 1926 1511 irr-

387 1537 501 1629 retemta
514 1532 712 1626 »reformata
731 1530 774 1618 est
785 1538 822 1607 de
836 1533 1006 1614 libertate,
1029 1558 1091 1606 narr
1109 1531 1221 1606 debere
1239 1533 1296 1626 effe
1314 1560 1455 1607 normam
1469 1536 1627 1623 sententia
1643 1538 1707 1622 saa
1726 1590 1738 1618 ,
1764 1554 1803 1608 art
1820 1535 1927 1625 secur

394 1609 551 1680 ⁶‘'’‘⁸'¹s⁰'‘
574 1635 649 1704 dam
668 1654 738 1702 eam
755 1635 793 1701 de
811 1629 947 1705 aiiormn
963 1627 1057 1721 faciti
1070 1629 1203 1723 judicet.
1255 1634 1309 1704 Sic
1321 1633 1413 1703 enim
1427 1630 1585 1728 loquitur
1596 1633 1803 1705 vernacule:
1820 1657 1923 1729 quarn

393 1707 489 1820 {⁸5:22
499 1709 555 1829 ᾖξ’,
575 1726 747 1823 eleganter
765 1730 801 1798 &
814 1729 1007 1808 concinne,
1034 1751 1123 1799 nunc
1143 1753 1213 1799 non
1224 1726 1439 1799 examinabo.
1492 1734 1538 1799 At
1550 1728 1705 1810 nullam,
1735 1752 1925 1827 quantum-

393 1841 483 1897 unn'ae
495 1840 545 1913 fis,
575 1825 629 1895 vis
649 1822 818 1905 mediter,
845 1827 1013 1895 rationem
1025 1825 1220 1919 excogitare
1234 1818 1394 1920 polium,
1421 1847 1479 1897 cur
1491 1819 1716 1906 couscientia,
1746 1849 1831 1923 quae
1844 1826 1924 1898 nulli

394 1933 443 1973 Μ
454 1934 507 1972 ²¹⁰⁸
517 1915 566 1989 fir.
576 1921 680 1991 errori
698 1920 887 1993 obnoxiam
909 1918 941 1991 se
961 1916 1025 1991 esse
1040 1917 1215 2015 postulat,
1239 1922 1357 1991 ‘minus
1375 1944 1492 1991 norma
1513 1915 1552 1990 stt
1573 1920 1692 2010 judicii
1719 1923 1767 1993 de
1790 1923 1923 1995 aliorum

418 2074 423 2085 .
537 2039 539 2045 ’
574 2014 692 2098 laetis,
721 2039 827 2112 quam
849 2019 892 2089 de
909 2017 985 2107 sai.
1033 2022 1127 2098 Imo,
1148 2017 1289 2113 inquit,
1316 2015 1501 2105 conscientia
1517 2016 1602 2089 clare
1631 2020 1764 2098 acuar,
1788 2045 1852 2099 non
1872 2016 1925 2111 affe

565 2113 770 2210 judicandum
783 2135 923 2195 temere,
947 2117 1084 2186 omnium
1100 2114 1230 2185 minime
1247 2115 1285 2184 de
1300 2108 1478 2200 fratribus,
1505 2111 1923 2211 bominibucspirituaia'bau,

572 2213 665 2309 idque
684 2213 716 2281 in
735 2215 774 2282 iri
794 2209 889 2285 relos
907 2233 973 2308 qua
992 2207 1095 2299 rasolo
1108 2213 1179 2284 Dei
1195 2206 1387 2300 beneplacito
1399 2213 1542 2305 pendent.
1591 2217 1748 2295 Verum,
1779 2216 1922 2310 inquam

573 2330 664 2405 ego,
691 2302 957 2390 saconscientia,
984 2304 1146 2403 adquam
1165 2303 1259 2377 nulla
1272 2304 1384 2377 adhuc
1403 2305 1743 2402 cognitiolibertatis
1757 2309 1924 2383 Chrillia·

572 2427 626 2477 nae
644 2405 820 2501 pervenit,
847 2405 980 2477 homini
1000 2403 1103 2475 diuet
1123 2399 1330 2474 observanda
1350 2400 1462 2473 adhuc
1483 2398 1545 2473 else
1564 2403 1624 2476 illa
1637 2404 1823 2572 dopmata,
1848 2433 1923 2505 quae

572 2501 659 2572 olim
681 2506 843 2599 praecepit
860 2505 957 2573 Deus
980 2496 1103 2597 (quod
1127 2493 1364 2571 conscientiam
1385 2498 1509 2570 distare
1527 2500 1562 2571 in
1573 2500 1633 2572 tali
1647 2525 1684 2573 ca
1701 2527 1754 2584 u,
1782 2505 1850 2576 Vir
1868 2504 1925 2577 ille

451 2643 454 2649 -
571 2595 781 2669 doslilsrmus
798 2592 997 2686 adseverat)
1023 2619 1093 2668 non
1110 2593 1221 2692 potest
1239 2596 1458 2668 temerarium
1474 2594 1641 2684 judicium
1661 2600 1692 2670 ei
1705 2597 1923 2674 conscientie

573 2691 684 2763 videri
703 2739 715 2775 ,
741 2718 813 2786 quo
832 2694 1012 2766 arbitratur
1029 2692 1147 2765 fratres
1166 2688 1268 2772 suos,
1286 2691 1524 2784 ,quantumvis
1543 2693 1739 2790 spirituales
1762 2743 1775 2780 ,
1803 2698 1922 2770 eadem

459 2870 463 2882 Ι
573 2781 688 2859 secum
702 2787 778 2886 lege
801 2791 921 2862 teneri.
975 2787 1272 2883 Quandoquidem
1291 2787 1486 2860 nondiuat
1513 2786 1743 2877 conscientia,
1775 2796 1923 2894 eosqui

563 2878 635 2955 ‘sub
653 2884 771 2956 eadem
794 2887 1128 2974 oeconomiauivunt
1146 2929 1156 2963 ,
1185 2880 1316 2955 diverso
1330 2885 1402 2974 jure
1419 2885 1482 2955 uti.

394 2971 502 3071 xm
522 3008 566 3066 rt.
670 2986 808 3055 XXVl.
835 2981 936 3054 Instat
957 2979 1019 3053 Vir
1039 2981 1219 3060 Eximius,
1245 2999 1318 3053 tem
1346 3006 1422 3053 eam
1440 2980 1599 3054 declarari
1617 2981 1713 3079 posse
1742 3014 1849 3065 exem
1873 2988 1919 3064 lo.

313 3153 317 3161 ,
393 3086 458 3144 nile
473 3107 490 3142 a
504 3075 565 3144 liro
576 3084 756 3159 Portarum,
776 3082 843 3160 ait,
865 3081 1023 3153 exercitui
1037 3075 1153 3157 alicui,
1180 3074 1221 3148 ab
1238 3082 1483 3173 Imperatorem
1505 3082 1656 3155 mandatis
1674 3089 1793 3160 datum
1812 3015 1873 3185 elli
1889 3106 1925 3161 at

392 3157 483 3220 Μ·
497 3161 713 3272 ⁴¹²⁴·cmflagar
731 3202 802 3248 cum
823 3175 919 3260 hoste.
966 3175 1070 3273 Qod
1088 3178 1160 3246 dam
1182 3170 1269 3264 flacit
1291 3179 1431 3270 receptui
1447 3179 1582 3250 canitur.
1631 3182 1712 3279 Qr'
1733 3189 1771 3257 id
1792 3191 1924 3261 audiat

393 3251 463 3302 Μ’·
570 3297 592 3342 a
606 3277 771 3369 pugnando
788 3271 954 3365 defistunt5
980 3274 1184 3353 remotiores,
1206 3275 1260 3367 qui
1275 3296 1336 3344 raon
1353 3275 1523 3356 audivere,
1544 3274 1777 3375 persequuntur
1794 3283 1919 3369 bostem.

567 3374 705 3467 Utrique
734 3378 880 3445 mandato
911 3373 1115 3466 Imperatoria
1145 3371 1291 3441 latrem
1315 3387 1445 3463 parent.
1495 3372 1593 3445 Nolo
1617 3400 1747 3449 vexare
1777 3376 1920 3481 singula.

569 3470 649 3537 Hoc
668 3492 775 3540 unum
796 3469 904 3539 notari
919 3468 1052 3552 velim3
1078 3488 1138 3537 eos
1159 3469 1356 3563 omnesqui
1374 3489 1497 3562 putant
1514 3464 1572 3541 fibi
1597 3496 1640 3544 ex
1659 3476 1835 3550 mandato
1851 3487 1921 3551 lm·

566 3568 733 3657 peratoris
752 3561 1022 3662 persequendum
1044 3556 1106 3632 else
1127 3560 1279 3644 hostem,
1307 3589 1375 3635 non
1394 3560 1486 3661 polle
1499 3591 1567 3639 non
1579 3569 1729 3666 ignaviae
1734 3576 1839 3742 apud
1851 3578 1920 3648 ani·

566 3681 664 3727 mum
686 3657 782 3730 suum
804 3657 955 3732 accusare
975 3682 1057 3740 eos,
1086 3661 1147 3754 qui
1168 3658 1326 3756 gladium
1340 3664 1463 3759 vagina
1480 3665 1664 3740 condentes
1684 3694 1733 3767 pa

567 3750 633 3823 bus
653 3752 908 3851 conquiescunt.

391 3863 510 3926 xxvn.
667 3854 821 3925 xxvu.
852 3860 1015 3925 Praeterea
1033 3848 1114 3943 scire
1128 3876 1237 3934 aveo,
1265 3880 1333 3951 qua
1346 3879 1415 3927 arte
1434 3855 1527 3929 eludi
1544 3862 1646 3954 pollit
1660 3862 1724 3936 illa
1744 3869 1848 3941 Pauli
1860 3894 1919 3968 pe·

394 3937 470 4015 Qutd
480 3938 519 4012 fi*
569 3946 696 4043 ricopa.
713 3950 787 4022 Tit.
808 3975 839 4023 t:
856 3968 913 4038 15.
965 3953 1143 4047 Inquimrtr's
1161 3968 1268 4023 autem
1285 3955 1327 4024 o
1347 3951 1525 4041 infidelibus
1549 3958 1627 4029 nihil
1646 3956 1846 4057 esspnrarn,
1866 3968 1918 4056 scd

390 4012 738 4166 {zzsfssffssfinqu'nata
748 4046 823 4134 fiant
841 4047 978 4141 ipsorum
997 4052 1040 4121 (7
1052 4073 1136 4119 mens
1151 4050 1195 4121 (φ
1215 4048 1405 4135 conscientia·
1459 4050 1540 4122 Vidi
1560 4056 1727 4154 equidem
1749 4064 1917 4136 Celeber-

568 4140 649 4211 rimi-
668 4146 861 4239 Interpretis
875 4144 977 4216 verba
998 4143 1155 4241 allegari,
1186 4140 1278 4241 quast
1290 4170 1330 4215 ea
1349 4142 1568 4220 sufficientem
1579 4154 1687 4226 totius
1698 4156 1914 4233 difficultatis

566 4230 772 4309 solutionem
796 4240 1017 4314 exhiberent:
1045 4240 1101 4311 sed
1115 4243 1202 4338 quid
1222 4240 1373 4315 futurum
1386 4241 1434 4316 est
1454 4291 1465 4327 ,
1493 4239 1516 4314 st
1533 4251 1613 4342 quis
1631 4245 1778 4348 seposita
1798 4263 1913 4329 auiio·

563 4336 662 4447 ritate
681 4358 753 4406 rem
774 4334 880 4432 ipsam
902 4335 1045 4435 urgeat?
1071 4340 1279 4420 Nimirum,
1308 4363 1347 4412 ut
1364 4341 1522 4436 praeclare
1551 4350 1705 4444 Magnus
1727 4358 1910 4453 interpres,

549 4427 713 4524 ‘fignuicat
731 4430 896 4533 Apostolus
913 4486 924 4516 ,
944 4454 1106 4533 peccarim
1124 4439 1279 4514 bominem
1289 4433 1401 4531 facere
1421 4456 1600 4535 impuram:
1625 4446 1691 4529 (ν,
1709 4470 1812 4549 quatra
1828 4452 1911 4526 bomo

1856 4571 1912 4648 pst

1763 3697 1793 3745 rs
1806 3675 1916 3747 mani·
