4667 5442
711 458 788 551 Da
834 456 1197 551 Turocrtarm
1234 458 1490 553 lsrtxrrrr.
1687 479 1791 581 719
1852 525 1854 528 -

440 613 637 695 insanientis
658 644 774 694 contra
794 628 908 696 Deum
933 620 1104 722 sapientiae
1125 622 1298 722 magistri,
1325 627 1453 697 arcanis
1474 620 1577 696 animi
1597 612 1647 691 sui
1665 622 1787 696 convi-

440 719 611 792 itionibus
630 720 727 791 inviti
754 723 985 816 experiuntur.

540 815 609 887 Se'd
627 838 746 911 praeter
764 815 830 888 hoc
851 820 1108 893 Uurvartsxrr.
1130 822 1304 890 Rrouunr
1326 821 1415 898 Dei,
1444 818 1497 889 cui
1519 812 1787 916 sqlcumomni-

440 910 507 984 bus
526 911 618 985 astris
635 909 724 994 suis,
753 916 807 987 cui
830 940 1012 988 macetum
1030 911 1098 986 suis
1118 914 1304 996 sluslibus,
1333 916 1387 986 cui
1406 917 1499 986 venti
1517 911 1594 985 cum
1615 914 1709 983 omni
1720 910 1783 984 fla-

438 1031 541 1083 tuum
558 1004 696 1082 suorum
720 1009 961 1095 vehementia,
989 1013 1043 1084 cui
1065 1014 1144 1083 anni
1161 1012 1377 1108 tempestates
1399 1037 1477 1083 cum
1498 1009 1565 1083 suis
1583 1008 1784 1079 viciffitudi-

438 1105 567 1188 nibus,
594 1108 648 1181 cui
665 1106 735 1179 diei
760 1110 869 1182 nostis
898 1134 940 1180 ue
967 1108 1108 1182 alternae
1131 1112 1442 1206 reciprocationes,
1471 1110 1526 1179 cui
1546 1106 1663 1177 omnia
1681 1125 1780 1177 terrae

439 1201 609 1299 imperia,
637 1207 859 1301 quantumvis
872 1133 934 1279 sibi
958 1208 1105 1278 invicem
1130 1207 1343 1287 minitantia,
1370 1200 1536 1288 subsunt3
1562 1204 1616 1275 cui
1634 1199 1783 1275 coelestes

438 1300 535 1400 genii
555 1296 757 1397 obsequiose
775 1324 916 1400 parent3
942 1304 1037 1391 cujus
1056 1296 1138 1391 julla
1162 1302 1393 1375 Diabolorum
1417 1300 1628 1380 ferocissimi,
1657 1322 1783 1395 quam·

439 1398 496 1470 vis
514 1399 721 1479 renitentes,
748 1395 981 1496 exsequuntur
999 1422 1139 1486 tamen3
1163 1421 1309 1496 praeter,
1343 1400 1506 1495 inquam,
1532 1395 1623 1468 illud
1641 1397 1781 1467 univer-

438 1489 507 1568 sale
523 1498 686 1592 Regnum
699 1496 733 1568 in
745 1519 866 1568 omnes
879 1500 915 1569 &
926 1498 1063 1578 omnia,
1091 1497 1189 1594 quod
1205 1503 1389 1569 erurcrs
1402 1497 1524 1568 merito
1535 1492 1675 1573 dixeris,
1685 1488 1782 1564 aliud

438 1585 503 1664 sibi
525 1590 688 1663 formavit
706 1597 803 1668 Deus
820 1594 854 1664 in
865 1593 999 1691 populo
1016 1591 1096 1669 huic
1113 1591 1170 1666 fini
1190 1589 1363 1692 speciatim
1389 1591 1509 1665 electo.
1560 1588 1782 1664 Abrahamum

438 1689 570 1786 eSyria
582 1691 728 1761 accitum
742 1684 802 1760 fibi
814 1690 1024 1773 vindicavit,
1045 1690 1242 1789 ingentibus
1254 1690 1394 1786 quidem
1409 1709 1586 1761 oneratum
1597 1684 1782 1782 promissis,

438 1777 501 1858 sed
524 1808 676 1881 quorum
693 1782 889 1869 exsecutio,
917 1788 953 1859 in
973 1787 1103 1860 multos
1124 1792 1289 1886 protrasta
1307 1810 1442 1868 annos,
1469 1783 1693 1882 infatigabilis
1710 1778 1782 1877 spei

438 1879 585 1978 longum
603 1884 803 1955 exercitium
822 1883 899 1957 suit.
949 1886 1086 1957 Etenim
1107 1909 1218 1982 quum
1238 1881 1457 1958 centesimum
1474 1883 1582 1954 aetatis
1602 1903 1728 1952 annum
1741 1873 1783 1950 sr-

438 2001 483 2052 ne
503 1975 602 2075 prole
621 1975 802 2078 exegisset,
830 1982 958 2078 pulcrae
971 1981 1115 2079 quidem
1129 1984 1230 2054 uxori
1242 1984 1397 2071 junctus,
1425 1975 1482 2051 sed
1494 1978 1709 2077 pertinaciter
1718 1974 1784 2048 ste·

438 2076 517 2160 rili,
547 2101 591 2148 ex
608 2101 645 2147 ea
658 2080 727 2167 jam
741 2070 851 2151 effoeta
872 2104 910 2149 ac
929 2081 1154 2177 nonagenaria
1175 2081 1304 2168 majore
1323 2080 1464 2150 unicum
1484 2074 1623 2148 tandem
1640 2067 1783 2169 suscepit

438 2167 573 2255 lilium,
597 2172 758 2263 istratum,
776 2175 1035 2273 promissionum
1059 2180 1215 2248 omnium
1230 2201 1273 2248 ex
1290 2172 1353 2246 asse
1365 2173 1550 2247 haeredem.
1603 2172 1718 2259 Hujus
1737 2190 1783 2241 ex

438 2267 561 2362 lsi-csse
579 2293 744 2368 nepotes,
772 2298 916 2345 numero
937 2268 1173 2370 septuaginta,
1203 2273 1291 2344 fame
1309 2295 1451 2369 urgente
1470 2272 1504 2342 in
1524 2271 1784 2365 AEgyptumve-

438 2389 544 2449 nere,
573 2369 672 2440 initio
692 2369 833 2466 quidem
854 2370 937 2441 haut
954 2370 1214 2442 incommodam
1232 2368 1279 2440 ibi
1290 2368 1573 2467 peregrinationis
1588 2363 1655 2438 suae
1666 2357 1782 2434 sedem

438 2466 550 2551 Ιιαᾶἰς
574 2462 631 2538 sed
648 2490 733 2537 mox
753 2462 812 2537 sub
832 2462 1089 2539 saeviffimorum
1112 2470 1354 2563 Tyrannorum
1376 2465 1462 2537 truci
1494 2464 1675 2561 iniquitate
1692 2459 1783 2532 adeo

464 2562 566 2646 cessi,
594 2585 633 2634 ut
653 2561 810 2634 vilisfima
838 2565 1086 2660 mancipiorum
1107 2564 1291 2635 invidenda
1309 2589 1380 2661 prae
1401 2564 1445 2633 iis
1470 2556 1558 2634 sorte
1579 2556 1782 2658 gauderent.

478 2661 491 2732 i
512 2680 628 2732 tamen
647 2654 725 2731 sunt
744 2685 788 2731 ex
832 2661 934 2734 uibus
951 2660 1124 2758 populum
1146 2656 1205 2732 srbi
1227 2660 1371 2733 formare
1398 2665 1476 2731 Deo
1495 2657 1638 2731 lubuit:
1675 2674 1785 2751 quem
1836 2721 1859 2730 .-

438 2754 555 2830 valida
569 2780 694 2839 manu,
724 2686 884 2830 aelidem
904 2756 1406 2859 propemodumsuperantibus
1415 2757 1603 2855 portentis,
1631 2772 1785 2921 exffiga-

439 2851 536 2946 stulis
554 2850 621 2927 suis
639 2860 824 2929 extratlum
841 2852 902 2929 fibi
914 2845 1059 2931 asseruit.
1109 2857 1482 2954 Edomitoprimum&
1495 2851 1702 2925 admanum'
1730 2872 1786 2917 ro·

441 2975 523 3026 nem
538 2953 655 3023 adacio
672 2950 868 3035 Pharaone,
897 2981 982 3029 mox
993 2955 1116 3028 eodem
1131 2978 1210 3026 cum
1224 2953 1385 3026 omnibus
1398 2947 1466 3023 suis
1483 2951 1593 3044 copiis
1603 2947 1696 3018 rubri
1708 2968 1783 3016 ma-

440 3049 489 3123 ris
506 3047 666 3120 lluslibus
689 3048 873 3145 absorpto,
899 3074 939 3121 ut
955 3076 997 3122 ne
1017 3053 1161 3121 nuncius
1174 3049 1317 3143 quidem
1334 3067 1438 3119 tantae
1459 3045 1567 3119 cladis
1582 3045 1711 3113 Tanim
1728 3062 1785 3110 re·

438 3166 602 3218 vertetur.
653 3147 698 3213 Et
715 3146 813 3237 quod
840 3145 1039 3216 incredibile
1067 3145 1157 3214 dietu
1177 3142 1223 3213 est
1242 3188 1252 3223 ,
1281 3140 1432 3229 ejusdem
1452 3142 1555 3211 maris
1569 3136 1709 3216 undas,
1737 3132 1783 3205 ad

438 3235 621 3315 extensum
642 3234 751 3308 Molis
768 3237 906 3310 ministri
929 3239 978 3310 sui
999 3238 1160 3309 baculum
1175 3235 1254 3309 hinc
1271 3259 1375 3333 atque
1396 3235 1476 3307 hinc
1487 3228 1635 3314 divisis,
1663 3253 1785 3303 muro·

438 3359 519 3412 rum
537 3331 637 3404 instar
654 3333 816 3428 utrinque
833 3331 1005 3407 confislere
1017 3333 1128 3424 jussit,
1155 3355 1196 3404 ut
1214 3330 1335 3406 siccum
1354 3330 1577 3405 israelitarum
1589 3325 1788 3426 agminibus

438 3423 615 3508 transtrum
638 3426 764 3501 fundus
780 3430 959 3525 praeberet.
1010 3430 1122 3519 Cujus
1137 3430 1289 3531 prodigii
1305 3430 1472 3502 memoria
1482 3453 1552 3499 non
1562 3421 1659 3501 sacris
1669 3421 1785 3497 solum

438 3526 683 3604 voluminibus
701 3524 822 3599 noslris
834 3527 991 3625 prodita,
1019 3524 1077 3600 sed
1095 3529 1131 3599 δι
1147 3521 1238 3599 snus
1248 3526 1383 3602 Arabici
1395 3524 1544 3606 accolis,
1570 3522 1726 3595 Barbarie
1738 3521 1787 3594 li·

438 3645 496 3700 eet
511 3623 621 3720 utqui
633 3624 807 3706 maxime,
835 3650 895 3722 per
914 3626 1021 3699 multa
1032 3622 1140 3698 secula
1154 3619 1348 3698 conservata
1361 3624 1449 3710 fuit3
1469 3620 1675 3719 ¹exstantque
1689 3618 1787 3694 illius

438 3722 478 3798 in
497 3721 649 3793 Diodori
659 3718 766 3793 Siculi
778 3725 1029 3796 commentariis
1047 3747 1116 3795 non
1133 3722 1383 3796 contemnenda
1399 3718 1553 3819 vesligia.
1863 3736 1865 3739 ·

438 3805 443 3838 ’
460 3883 464 3890 .
538 3818 668 3913 Ecquis
682 3816 840 3903 dubitet,
866 3822 952 3917 quin
966 3826 1062 3893 Deus
1082 3817 1163 3899 ille,
1191 3821 1245 3893 cui
1259 3820 1438 3894 creationis
1450 3819 1523 3909 jure
1539 3810 1735 3890 absolutum
1746 3817 1784 3889 in

439 3921 568 3992 omnes
585 3936 690 4009 atque
706 3917 821 3986 omnia
837 3916 1033 3991 dominium
1050 3915 1119 4000 ell,
1145 3911 1310 4015 fingulare
1324 3913 1382 3990 sibi
1394 3918 1429 3989 in
1441 3937 1522 3988 eum
1536 3914 1706 4013 populum
1715 3914 1788 3986 im·

438 4014 574 4128 perium
592 4011 762 4083 vindicare
779 4015 932 4110 potuerit
951 4061 965 4096 ,
991 4038 1096 4112 quem
1118 4039 1190 4113 prae
1212 4015 1338 4088 cunslis
1355 4012 1477 4112 mundi
1496 4010 1692 4085 nationibus
1711 4034 1787 4085 tam

438 4107 605 4186 inauditis
626 4104 799 4181 beneficiis
821 4109 1073 4186 obstrinxerat?
1094 4111 1164 4185 Sed
1172 4135 1244 4209 qua
1254 4110 1300 4184 ell
1311 4112 1452 4184 lenitate
1469 4130 1574 4207 atque
1586 4108 1781 4191 clementia,

438 4207 537 4280 omni
551 4201 615 4277 suo
633 4200 840 4305 summoque
855 4209 927 4296 jure
951 4212 1002 4282 uti
1026 4210 1061 4280 in
1075 4205 1143 4281 lroc
1160 4210 1303 4307 negotio
1327 4209 1454 4282 noluit.
1505 4203 1709 4281 Consultius
1727 4229 1784 4276 ar·

438 4301 607 4382 bitratus,
635 4303 759 4399 populi
774 4305 807 4376 se
825 4299 991 4402 suffragiis
1006 4301 1167 4403 votisque
1188 4307 1223 4378 in
1245 4309 1379 4404 Regem
1400 4305 1513 4406 eligi,
1540 4327 1646 4402 quam
1665 4301 1784 4373 invitis

438 4419 499 4476 eut
515 4398 766 4497 refragantibus
788 4401 943 4481 obtrudi.
990 4401 1147 4487 ldcirco,
1168 4399 1353 4479 hominum
1374 4427 1470 4481 more
1494 4425 1620 4476 munus
1637 4393 1783 4567 cliguod
1869 4485 1872 4492 ,

1628 4520 1683 4567 am
1709 4515 1787 4565 ren-
