4667 5442
1497 709 1651 804 Da
1725 707 2322 808 Tru-:otono
2394 709 2947 812 Mom-:s-ro.
3414 739 3619 849 707

909 882 1008 960 ad
1042 907 1164 958 eos
1200 883 1597 960 accedentes
1629 883 1762 962 five
1799 881 1996 988 prisci
2039 885 2174 963 five
2195 893 2543 988 propioris
2580 893 2713 966 aevi
2736 889 3149 990 Theologos
3170 937 3195 976 2
3248 890 3444 967 nulla
3466 919 3620 970 ma-

907 985 1026 1082 gis
1061 1007 1133 1056 re
1177 1008 1388 1080 quam
1421 986 1584 1057 vitae
1621 981 2084 1083 sermonisque
2125 983 2556 1084 simplicitate
2586 988 3195 1063 commendabiles.
3298 997 3413 1064 Ne
3436 1016 3620 1067 erre-

911 1081 1054 1162 tis,
1103 1080 1520 1162 Auditores,
1575 1081 1754 1155 illud
1789 1084 2064 1156 intueor
2087 1082 2427 1158 theatrum
2466 1130 2491 1169 ,
2544 1085 2667 1158 ubi
2704 1085 2928 1159 editor
2949 1090 3143 1157 Deus
3168 1083 3304 1169 est,
3356 1092 3617 1164 a&ores

913 1171 1119 1248 saneti
1147 1179 1283 1248 Dei
1325 1176 1691 1262 homines,
1745 1173 2146 1276 spestatores
2188 1179 2560 1254 coelestium
2612 1182 2955 1280 myriades
2987 1182 3350 1280 geniorum
3392 1210 3616 1282 popu-

911 1269 1111 1370 lique
1146 1271 1512 1347 Christiani
1545 1278 1952 1374 panegyriS,
2009 1274 2217 1349 ludus
2253 1272 2395 1373 ipse
2429 1277 2604 1351 nihil
2648 1281 2875 1352 minus
2914 1301 3127 1374 quam
3159 1277 3369 1352 ludus
3410 1325 3434 1362 ,
3495 1279 3615 1354 sed

905 1367 1388 1464 jucundissima
1433 1416 1456 1454 ,
1511 1370 1748 1445 eadem
1805 1397 1892 1443 ue
1937 1370 2281 1448 castissima
2333 1398 2562 1447 rerum
2621 1371 3077 1472 spiritualium
3117 1398 3195 1446 ac
3241 1374 3613 1450 coelestium

906 1461 1466 1564 repraesentatio,
1523 1492 1663 1542 non
1704 1492 1740 1540 a
1827 1471 2100 1542 inanem
2142 1468 2369 1544 brevis
2389 1469 2578 1544 horae
2603 1470 3033 1566 voluptatem
3056 1493 3467 1568 comparata,
3494 1468 3613 1545 sed

907 1563 1006 1636 ad
1033 1562 1558 1637 delectationem
1603 1589 1976 1662 perennem
2001 1611 2024 1647 ,
2075 1567 2151 1637 &
2205 1565 2538 1662 gaudium
2580 1563 2963 1665 gloriosum
3000 1587 3204 1662 atque
3240 1561 3608 1645 ineffabile.

907 1654 1148 1733 Roscii
1169 1681 1398 1732 autem
1427 1660 1601 1734 mihi
1620 1659 1773 1734 sunt
1794 1707 1815 1743 ‚
1871 1686 2012 1735 non
2037 1663 2161 1758 qui
2185 1664 2257 1733 in
2280 1662 2636 1760 religionis
2660 1665 2939 1759 negotio
2965 1660 3391 1736 histrioniam
3412 1689 3611 1738 exet-

907 1778 1067 1831 cent
1096 1803 1118 1839 ,
1175 1756 1493 1829 damnata
1526 1783 1688 1832 orco
1727 1784 1802 1831 ca
1856 1760 1950 1830 ita
1988 1783 2008 1830 ε
2080 1752 2196 1829 sed
2238 1761 2365 1855 qui
2409 1760 2649 1831 Divini
2681 1805 2704 1842 ‚
2761 1759 2958 1855 quod
2995 1761 3333 1857 promitto
3358 1806 3381 1843 ‚
3435 1762 3605 1851 juris

907 1852 1484 1950 incomparabiles
1521 1783 1985 1928 Anteceffiores
2012 1900 2036 1937 ,
2088 1856 2164 1926 &
2211 1855 2656 1929 inimitabiles
2690 1860 2849 1928 artis
2878 1850 3013 1927 suae
3062 1854 3360 1953 magistri
3396 1851 3550 1929 sunt
3574 1884 3598 1933 t

909 1944 1057 2022 nus
1093 1973 1252 2020 uam
1279 1949 1564 2023 fortassis
1591 1973 1961 2033 terrarum,
2017 1947 2182 2022 absit
2231 1951 2414 2024 dicto
2460 1952 2720 2025 invidia
2756 1998 2778 2034 ‚
2833 1949 3352 2047 praestantiores,
3430 1977 3595 2029 uam

907 2045 982 2116 in
1010 2044 1060 2117 il
1096 2045 1253 2120 ustri
1282 2043 1407 2119 hac
1442 2049 1769 2121 concione
1797 2047 2214 2121 inveniendi.
2317 2047 2617 2121 Talibus
2647 2071 2780 2146 ego
2800 2051 2964 2121 viris
2993 2071 3170 2120 nunc
3194 2043 3322 2120 five
3346 2075 3384 2122 a
3436 2050 3592 2132 dor.

899 2137 1044 2213 {ive
1080 2138 1559 2217 succenturior.
1663 2147 2018 2218 Mirumne
2050 2145 2263 2242 igitur
2300 2141 2431 2226 est,
2484 2138 2829 2218 siinsolita
2857 2142 3173 2217 hactenus
3215 2141 3419 2235 hujus
3460 2146 3599 2221 loci

893 2238 1224 2329 Maiestas
1257 2284 1282 2323 ‚
1336 2261 1447 2313 tot
1469 2239 1988 2315 clarissimorum
2027 2239 2395 2313 hominum
2419 2241 2828 2314 venerabilis
2854 2235 3208 2337 praesentia
3246 2238 3453 2315 defixi
3507 2266 3599 2316 ue

897 2335 977 2407 in
1005 2359 1117 2408 me
1153 2335 1380 2420 oculi,
1421 2339 1499 2410 δε
1533 2362 1709 2411 meae
1751 2336 2052 2434 denique
2101 2331 2511 2409 conscientia
2569 2339 2921 2410 tenuitatis
2962 2384 2985 2419 ,
3040 2340 3345 2410 animum
3390 2362 3475 2409 va
3505 2340 3593 2411 de

895 2433 1279 2530 percellant
1304 2479 1328 2516 ,
1383 2435 1818 2531 efficiantque
1859 2454 1939 2506 ut
1962 2458 2156 2506 mens
2194 2427 2452 2504 haefitet
2485 2479 2508 2515 ,
2560 2432 2797 2532 lingua
2829 2436 3097 2507 tertiata
3120 2433 3329 2507 verba
3349 2433 3597 2508 balbu-

891 2529 1070 2615 tiat,
1117 2526 1402 2636 ipseque
1430 2551 1586 2604 toto
1623 2555 1913 2629 corpore
1953 2525 2467 2604 contremiscam
2492 2576 2512 2611 ‚
2556 2554 2693 2603 non
2733 2525 2924 2605 secus
2959 2552 3169 2626 atque
3198 2531 3375 2605 olim

1490 2685 1960 2784 Lugdunensem
2009 2687 2257 2764 Rhetor
2301 2683 2579 2761 dic‘z‘urue
2626 2690 2712 2759 ad
2757 2710 2961 2761 aram.

887 2819 1074 2892 Non
1114 2811 1311 2912 quod
1345 2803 1582 2890 vestrae
1618 2861 1643 2900 ,
1697 2819 2049 2893 OPTIMI
2099 2817 2665 2893 AUDITORES
2692 2860 2715 2898 ‚
2771 2814 3173 2912 benignitati
3219 2811 3591 2914 indulgen-

887 2914 1012 2987 tiae
1070 2937 1156 2984 ue
1204 2907 1479 3008 prorsus
1539 2913 1848 2989 diffidam
1903 2940 1922 2989 z
1994 2912 2238 2988 harum
2295 2915 2479 2988 enim
2519 2909 2640 2985 nifi
2684 2908 2799 3010 spe
2832 2911 3050 2985 fultus
3086 2906 3286 2984 essem
3322 2957 3347 2996 ,
3400 2912 3589 2988 haud

885 3033 1024 3108 pro
1057 3013 1202 3081 ecto
1235 3006 1350 3082 hic
1383 3033 1498 3082 me
1535 3008 1749 3084 hodie
1789 3010 2134 3086 videretis.
2232 3010 2371 3085 Sed
2407 3009 2603 3109 quod
2635 3009 2948 3082 nondum
2982 3007 3415 3106 diligentiam
3437 3034 3589 3082 me-

885 3127 1008 3179 am
1032 3153 1054 3188 ‚
1103 3107 1275 3180 &in
1317 3105 1706 3206 indaganda
1743 3107 2215 3207 tradendaque
2250 3109 2538 3181 veritate
2581 3105 2974 3181 industriam
3001 3151 3023 3186 ‚
3080 3109 3156 3180 &
3188 3107 3581 3190 candorem,

883 3205 971 3278 &
1005 3199 1212 3275 fidem
1234 3248 1260 3287 ,
1311 3206 1388 3276 &
1414 3205 1908 3280 moderationis
1942 3204 2240 3281 studium
2284 3251 2307 3289 ,
2362 3207 2382 3276 i
2438 3201 2511 3277 so
2537 3203 2709 3276 facto
2744 3203 3193 3301 comprobare
3230 3203 3432 3276 vobis
3451 3227 3587 3299 po-

883 3302 1198 3386 tuerim3
1247 3301 1504 3398 quibus
1533 3302 1758 3375 solum
1785 3302 2154 3376 virtutibus
2191 3348 2216 3384 ,
2271 3231 2572 3373 deflectas
2601 3326 2798 3373 meos
2816 3346 2840 3383 ,
2891 3301 3122 3395 primo
3146 3296 3211 3370 se
3232 3294 3584 3396 congress‘u

944 3397 1307 3479 rodentes«,
1357 3398 1644 3480 redimi,
1689 3422 2074 3494 eorumque
2109 3400 2385 3469 veniam
2426 3399 2771 3492 impetrari
2813 3390 2998 3492 posse
3088 3389 3380 3465 ersuasus
3398 3390 3578 3468 sum.

879 3421 1277 3587 {ltcunque
1307 3516 1415 3564 res
1457 3492 1693 3577 cadat,
1744 3493 1910 3585 jac'ta
1942 3538 1966 3575 ,
2025 3491 2226 3590 quod
2257 3493 2483 3581 ajunt,
2538 3491 2686 3564 alea
2727 3489 2821 3565 est
2866 3517 2887 3563 t
2955 3484 3028 3560 su
3061 3511 3327 3587 ceptam
3368 3482 3582 3565 semel

879 3589 1318 3686 provinciam
1337 3589 1700 3661 detrectare
1727 3613 1866 3661 non
1896 3589 2059 3662 licet
2077 3635 2098 3670 ‚
2145 3613 2268 3661 nec
2293 3589 2466 3660 libet
2488 3635 2510 3670 ,
2552 3582 2805 3659 etiamfi
2829 3585 3090 3659 liceret.
3196 3591 3364 3658 Non
3392 3586 3582 3660 enim

881 3679 1012 3758 nisi
1055 3685 1182 3756 rite
1215 3687 1406 3781 prius
1440 3687 1514 3758 in
1539 3682 1894 3760 consilium
1918 3685 2395 3782 auxiliumque
2423 3707 2668 3759 vocato
2693 3685 2958 3756 Divino
2984 3682 3291 3754 Numine
3312 3726 3335 3762 ,
3384 3679 3577 3778 post-

879 3805 1106 3878 quam
1140 3804 1179 3852 a
1223 3781 1446 3856 Vobis
1470 3828 1493 3865 2
1549 3782 2084 3858 ILLUSTRES
2132 3785 2626 3858 PROCERES
2652 3826 2674 3861 ,
2729 3778 3024 3853 honestis
3058 3777 3575 3853 conditionibus

875 3874 1343 3978 propenfique
1381 3881 1590 3953 animi
1617 3879 1802 3952 haud
1839 3875 2141 3957 obscuris
2179 3879 2450 3953 indiciis
2493 3880 2820 3951 invitatus
2860 3901 3046 3948 eram
3069 3922 3091 3958 ‚
3144 3877 3215 3946 in
3244 3873 3575 3971 amplissi-

875 3999 1077 4050 mam
1114 3973 1288 4049 hanc
1312 4020 1337 4060 2
1392 3979 1468 4051 &
1493 3974 1822 4051 modestis
1859 3973 2125 4076 semper
2161 3977 2349 4049 votis
2382 3977 2556 4050 meis
2577 3974 2789 4072 longe
2831 3970 3301 4046 sublimiorem
3338 3967 3573 4045 cathe-

873 4069 1081 4145 dram
1123 4067 1468 4150 adscendi.
1569 4079 1728 4146 Deo
1761 4073 2013 4158 fretus,
2049 4095 2131 4148 ut
2153 4076 2369 4172 quiin
2404 4071 2586 4147 hunc
2624 4071 2842 4168 usque
2874 4069 3064 4144 diem
3096 4065 3289 4142 suam
3315 4069 3387 4143 in
3411 4092 3569 4144 mea

871 4165 1282 4242 infirmitate
1338 4173 1667 4245 virtutem
1707 4167 2206 4248 consummavit
2240 4217 2265 4254 ‚
2319 4163 2626 4268 lassoque
2678 4171 2859 4240 vires
2897 4162 3159 4241 suffecit
3192 4210 3216 4248 ,
3270 4189 3355 4238 ne
3380 4188 3564 4241 nunc

869 4266 1174 4362 quidem
1207 4262 1477 4342 servum
1516 4263 1718 4342 suurn
1755 4271 1953 4342 unice
1989 4269 2074 4342 ab
2113 4263 2264 4366 ipso
2293 4266 2706 4366 pendentem
2748 4260 2970 4363 prisco
3006 4263 3247 4364 gratiae
3287 4257 3427 4336 suae
3462 4261 3566 4336 fa-

873 4385 1054 4434 vore
1078 4361 1423 4438 destituat.
1525 4365 1744 4456 Quod
1765 4365 2004 4464 itaque
2025 4365 2415 4438 Academiae
2446 4362 2606 4437 huic
2626 4407 2651 4446 ‚
2704 4362 2907 4462 quod
2934 4355 3247 4434 Ecclesiae
3282 4359 3562 4434 univer-

869 4453 1016 4542 sae,
1051 4455 1364 4535 Christus
1389 4465 1487 4536 Ο.
1503 4465 1614 4535 Μ.
1644 4461 1812 4535 felix
1846 4459 2276 4560 faustumque
2311 4455 2441 4535 effe
2478 4458 2713 4552 jubeat
2737 4505 2759 4541 ,
2813 4452 2963 4557 ipso
3002 4459 3273 4532 austere
3294 4501 3319 4540 ,
3358 4456 3561 4538 duce.

867 4551 1190 4654 auspice,
1237 4553 1635 4632 demandati
1649 4556 1825 4631 mihi
1843 4556 2029 4670 apud
2047 4581 2178 4632 vos
2195 4557 2499 4632 muneris
2516 4555 2899 4653 periculum
2920 4553 3135 4629 hodie
3152 4551 3359 4628 facio.
3388 4555 3565 4624 Eam

866 4673 1116 4728 autem
1155 4649 1490 4732 habenda
1519 4677 1700 4732 nunc
1733 4655 2062 4732 orationis
2085 4649 2289 4828 {eJlegi
2327 4655 2684 4729 materiem
2712 4698 2741 4742 2
2792 4675 3005 4754 quam
3040 4672 3270 4752 neque
3294 4646 3381 4726 ab
3400 4643 3565 4820 1hot:

2192 4775 2242 4826 u
2287 4775 2413 4826 uu
2460 4775 2509 4830 2
3434 4764 3571 4820 oc·
