4667 5442
576 521 679 633 250
827 497 1539 595 Exnncrt'nrro
1609 486 1757 581 xt·

572 673 754 751 monendos,
776 667 853 759 etse
866 665 1087 765 sequerentur,
1112 662 1175 734 diei
1188 652 1455 757 poenitaque,
1479 682 1539 732 non
1552 658 1699 756 augelem
1722 655 1929 748 stdmnciar.

576 768 686 860 Quod
713 791 796 839 vero
849 766 956 837 rimus
985 763 1151 833 duntaxat
1172 757 1207 829 in
1233 780 1360 855 aquam
1381 754 1576 851 ingrediens
1606 778 1697 855 aeger
1728 750 1927 835 sanaremr,

575 862 675 964 fingit
695 791 847 963 potuissep
861 859 1045 959 procedere
1066 882 1110 930 ex
1131 849 1245 927 nescio
1268 877 1341 951 quo
1364 847 1427 922 srtu
1445 855 1481 925 δι
1501 847 1725 951 dispositione
1742 851 1844 933 loci,
1872 850 1928 948 qui

576 960 686 1038 forsan
706 982 845 1059 propter
861 956 1049 1055 angustiam
1067 975 1176 1024 unum
1196 951 1363 1023 duntaxat
1387 945 1567 1023 hominem
1589 970 1739 1047 caperet.
1795 952 1925 1021 Verum

575 1059 750 1157 paradoxa
770 1056 855 1137 illa,
877 1056 936 1135 δι,
956 1050 1094 1148 siquod
1109 1072 1163 1121 res
1183 1046 1230 1121 est
1241 1048 1353 1119 dicere
1372 1046 1494 1129 liceat,
1521 1046 1665 1144 profana
1686 1045 1923 1125 ratiocinatio,

576 1180 690 1253 neque
711 1180 789 1229 cum
808 1150 935 1235 hillario
967 1150 1226 1245 Antiquitatum
1251 1143 1471 1245 Judaicatum
1490 1143 1679 1225 convenit,
1709 1166 1835 1241 neque
1854 1164 1925 1215 cum

573 1248 752 1327 rationibus
770 1248 904 1343 Psqftcr'e
924 1274 961 1323 ac
979 1251 1150 1328 Medicis,
1186 1265 1299 1340 neque
1331 1264 1410 1313 cum
1440 1233 1625 1337 Evangelii.
1673 1242 1713 1313 si
1735 1240 1822 1313 aliis
1847 1242 1925 1314 olim

574 1351 731 1448 ignorate
749 1345 870 1427 licuit,
899 1344 1125 1419 Hammondo
1144 1361 1234 1415 certe
1251 1342 1286 1411 in
1307 1358 1401 1410 tanta
1424 1336 1599 1412 literarum
1621 1336 1700 1409 luce
1721 1362 1800 1411 non
1819 1336 1921 1415 licuit,

435 1469 439 1476 ·
572 1446 675 1542 plane
702 1440 744 1515 ab
766 1442 993 1514 Hebraeorum
1024 1441 1187 1515 institutis
1210 1434 1390 1509 abhorrere
1423 1455 1463 1505 ut
1484 1459 1564 1508 exta
1588 1436 1816 1507 vidimarum
1835 1456 1923 1509 extra

572 1541 747 1639 templum
765 1538 971 1611 lavarentur.
1021 1537 1130 1628 Qod
1150 1529 1331 1630 Ligbtfooti
1344 1559 1433 1606 nunc
1449 1556 1555 1628 quam
1575 1532 1663 1605 meis
1672 1532 1797 1605 verbis
1819 1531 1925 1607 osten·

575 1636 655 1708 dere
673 1635 796 1708 malo:
824 1635 913 1732 qui,
935 1634 1055 1727 sicile,
1080 1636 1219 1734 inquit,
1243 1659 1285 1706 ex
1304 1635 1470 1727 Scriptura
1478 1626 1616 1725 probare
1632 1633 1863 1727 qutipoterit,
1885 1633 1924 1703 ia·

577 1732 690 1819 testina
707 1728 801 1823 faisse
822 1732 993 1829 inTemplo
1012 1734 1117 1811 tota,
1160 1753 1258 1828 neque
1279 1752 1416 1821 unquam
1443 1724 1651 1801 indecentia.
1703 1730 1751 1802 Et
1772 1726 1836 1825 ἱρῇ
1856 1726 1923 1802 Tel·

534 1857 554 1878 -’
574 1827 708 1914 medusa
728 1830 830 1901 locum
848 1833 889 1901 ad
908 1829 989 1902 hunc
1010 1825 1108 1925 ipsum
1129 1829 1219 1919 usum
1236 1832 1418 1923 deputatum
1447 1822 1635 1908 ostendant,
1657 1822 1782 1898 riam
1813 1825 1922 1911 mvi

572 1944 720 2035 putten
745 1922 933 2001 cubiculus
946 1926 1144 2000 &vatorum
1158 1980 1173 2007 ,
1191 1922 1252 1998 ube·
1260 1926 1366 2021 prima
1374 1920 1525 2014 deterfio:
1548 1919 1717 2019 mensaque
1725 1942 1829 1998 aaut
1845 1949 1924 1999 enar·

572 2049 684 2100 morea
696 2029 730 2099 in
749 2048 846 2106 area,
869 2020 929 2096 ubi
936 2021 1070 2110 secuda
1079 2019 1208 2116 detersae
1224 2018 1456 2107 instituebatur.
1506 2018 1664 2107 Quod&
1679 2024 1854 2095 Antonius
1862 2026 1923 2099 Ne·

558 2117 726 2214 driffenfis
743 2145 789 2196 ex
802 2146 839 2195 2.
862 2118 999 2194 Chron.
1018 2144 1082 2194 lv:
1106 2124 1141 2195 6.
1165 2122 1239 2212 jam
1264 2116 1351 2190 olim
1378 2111 1616 2191 observaverat
1632 2118 1923 2216 quinquagenum

573 2226 651 2316 Cap.
664 2244 701 2293 v.
752 2223 869 2315 Atque
889 2215 951 2293 hac
970 2212 1043 2290 sola
1056 2219 1294 2290 rationetotus
1307 2212 1370 2292 iste
1383 2207 1605 2314 'prodigiosus
1622 2213 1923 2290 Hammondidis·

572 2310 688 2392 cursus
711 2314 907 2389 destruitur.
955 2312 1026 2387 Sed
1051 2314 1178 2412 Pbyft'ci
1197 2315 1239 2386 ὃ(
1260 2313 1388 2385 Medici·
1412 2333 1573 2408 praterea
1600 2308 1758 2385 viderint
1780 2357 1796 2396 ,
1824 2339 1868 2389 an
1885 2338 1921 2389 ex

571 2416 793 2486 mastatamm
818 2410 992 2509 pecudum
1013 2409 1103 2483 extis
1120 2431 1193 2483 tam
1210 2407 1384 2483 medicata
1407 2410 1461 2481 vis
1483 2431 1583 2507 aquae
1601 2407 1786 2483 conciliari
1810 2432 1919 2509 queat.

569 2515 666 2584 Nam
686 2534 766 2609 quae
782 2531 820 2581 ut
839 2505 960 2582 similia
976 2504 1268 2579 abHammondo
1289 2503 1471 2579 laudantur
1487 2500 1625 2603 prorsus
1636 2503 1922 2594 diffitniliasunt3

570 2630 685 2704 neque
704 2604 870 2679 otnnibus
886 2603 1021 2677 morbis
1038 2602 1196 2676 curandis
1211 2602 1361 2684 idonea,
1389 2601 1612 2699 quantumvis
1634 2602 1669 2673 in
1695 2595 1763 2676 suo
1784 2625 1917 2704 genere,

570 2702 615 2776 ad
632 2723 758 2776 certam
778 2700 951 2800 quandam
972 2700 1188 2799 agritudinis
1205 2695 1352 2812 speciem
1372 2698 1594 2797 pellendam,
1627 2696 1745 2774 valida
1764 2696 1919 2777 censeau·

569 2818 637 2872 tur.
689 2803 785 2871 Tum
806 2794 829 2870 sr
848 2821 949 2894 aquae
965 2820 1004 2867 ea
1023 2798 1077 2870 uis
1095 2821 1143 2871 ex
1158 2796 1308 2871 vifflmis
1325 2793 1411 2870 inest
1427 2841 1442 2887 ,¹
1466 2795 1555 2894 quid
1571 2793 1920 2900 obstatcurnonper·

568 2917 674 2991 petua
692 2890 820 2969 merit?
846 2898 1042 2967 Tantumne
1061 2895 1165 2967 etiam
1186 2892 1340 2971 mrbatin
1352 2917 1452 2990 aquae
1466 2892 1644 2966 medicatae
1654 2892 1776 2980 valet,
1805 2917 1920 2972 uttur·

570 2996 650 3065 bata
671 2992 794 3065 efficiat
811 2988 937 3072 facile,
964 2988 1063 3089 quod
1077 2989 1264 3089 tranquilia
1287 2989 1386 3065 nullo
1406 2994 1506 3089 pacto
1522 2986 1668 3088 potest?
1695 2995 1803 3068 Τιιιιι
1821 2990 1919 3068 fitur·

569 3088 642 3163 bati
663 3089 708 3162 ad
732 3112 812 3163 eum
843 3087 989 3161 modum
1015 3090 1179 3201 potuita
1206 3078 1411 3186 nescioquo
1436 3086 1598 3175 officiali3
1623 3111 1705 3186 quae
1728 3089 1913 3173 dementia,

569 3207 650 3286 quae
674 3186 835 3285 impietas
861 3187 1048 3285 exagitavit
1065 3183 1193 3283 templi
1210 3182 1387 3283 praefedtos
1407 3232 1425 3269 ,.
1446 3205 1578 3258 utnon
1599 3228 1610 3267 ,
1639 3183 1915 3287 quotiescunque

565 3284 659 3359 lauta
680 3282 817 3357 fuerunt
839 3283 1055 3357 vistimarum
1076 3278 1264 3366 intestina,
1303 3307 1392 3355 mox
1406 3281 1588 3357 officialem
1609 3280 1713 3356 istum
1732 3277 1842 3360 suum
1859 3286 1917 3359 mi·

565 3376 689 3465 serint,
716 3380 761 3454 ad
773 3377 941 3454 salubrem
957 3377 1054 3453 istam
1072 3404 1176 3479 aquae
1188 3379 1421 3453 turbationem
1440 3426 1452 3463 ,
1479 3381 1514 3452 in
1526 3374 1730 3453 miserorum
1740 3376 1913 3464 solatium,

565 3474 842 3577 procurandam?
867 3477 1030 3574 Denique
1050 3499 1129 3574 quae
1152 3476 1317 3550 naturalis
1338 3470 1444 3550 caussa
1467 3472 1549 3575 fingi
1566 3474 1705 3575 potest,
1734 3483 1849 3564 curia
1867 3475 1916 3554 so-

563 3578 641 3652 lum
685 3580 722 3649 ui
766 3577 874 3649 rimus
892 3570 969 3671 post
989 3570 1221 3645 turbationem
1240 3569 1401 3673 ingressus
1420 3572 1532 3646 firetat
1544 3576 1745 3649 curaretur?
1771 3577 1913 3651 sienim

564 3698 651 3750 mox
660 3600 854 3747 inuideret
862 3692 952 3766 aqua
967 3714 980 3751 ,
1006 3668 1094 3767 quid
1110 3668 1295 3767 impedirit
1311 3670 1446 3744 bonum·
1464 3668 1565 3745 istum
1588 3669 1779 3746 officialem
1797 3698 1843 3748 ne
1858 3676 1914 3749 itt·

562 3796 641 3846 rum
659 3795 741 3845 eam
757 3788 936 3841 moveret:
962 3767 999 3839 Si
1016 3786 1110 3839 tanta
1130 3763 1238 3839 suerit
1262 3766 1334 3840 loci
1360 3766 1457 3841 illius
1477 3765 1659 3866 angustia,
1699 3788 1839 3845 utnon
1860 3762 1912 3845 rifi

562 3892 674 3942 unum
692 3859 792 3938 simul
813 3883 950 3962 caperet
972 3859 1154 3936 hominem
1173 3909 1184 3947 ,
1212 3865 1275 3962 qui
1294 3859 1367 3936 fieri
1384 3866 1502 3961 potuit
1514 3910 1531 3947 ,2
1559 3886 1599 3937 ut
1617 3885 1674 3937 tot
1690 3864 1912 3943 millenarum

313 3968 317 3975 '
402 3958 426 4044 ”,
563 3961 737 4062 pecudum
749 3957 895 4040 viscera,
924 3959 1050 4033 eodem
1067 3980 1248 4058 tempore,
1275 3958 1470 4058 eodemque
1481 3962 1561 4035 loco
1577 3960 1802 4037 lavarentur?
1826 3971 1914 4064 Apa·

562 4083 608 4159 ge
623 4085 657 4131 er
684 4084 704 4129 o
722 4054 799 4131 istas
821 4050 1016 4130 insanientis
1036 4055 1209 4155 sapientiae
1217 4059 1387 4157 ineptias,
1407 4061 1482 4132 viro
1519 4058 1661 4130 rudente
1674 4079 1710 4131 at
1737 4084 1786 4131 ue
1801 4060 1913 4136 homi·

461 4206 464 4212 ·
561 4179 606 4228 ne
627 4162 658 4229 C
701 4152 820 4230 istiano
843 4149 980 4253 prorsus
996 4153 1185 4256 indignas:
1212 4156 1250 4229 &
1263 4178 1344 4255 quae
1357 4178 1428 4228 non
1444 4082 1517 4230 nisi
1515 4154 1560 4227 ad
1574 4082 1912 4255 Evangeb'otumlu·

560 4249 712 4327 dibrium
734 4247 884 4327 confittae
905 4247 968 4323 effe
988 4252 1181 4326 videntur..
1205 4286 1209 4292 ·

381 4357 516 4423 tvm
576 4372 580 4380 ’
656 4355 785 4427 LVIII.
814 4355 845 4424 Α
864 4373 936 4449 quo
959 4370 1115 4450 tempore
1134 4371 1207 4423 tam
1225 4345 1439 4448 portentifica
1458 4350 1513 4422 vis
1530 4370 1629 4448 aquae
1648 4346 1730 4425 huic
1748 4350 1910 4435 adfitetit,

374 4439 549 4591 ἴῃῖῃ
556 4442 657 4530 sactis
677 4449 814 4553 paginis
830 4441 1031 4562 silentibus,
1057 4446 1200 4525 audacia
1219 4471 1312 4523 mera
1327 4440 1658 4528 essetdeterminate.
1710 4450 1910 4626 Astigim

1139 4577 1142 4584 ·
1624 4587 1630 4598 ·
1848 4568 1910 4624 one
