4667 5442
476 419 478 428 .
1056 414 1060 422 .
1517 395 1531 431 ,
1663 413 1707 424 ,,

458 571 462 583 .
560 521 667 629 400
768 475 1538 624 ‘Exrn'errnrro
1609 494 1717 594 XV.

450 745 452 754 Ι
563 645 742 759 *sillium
767 660 821 734 cui
838 655 991 731 Christus
1010 658 1157 757 opponit
1168 654 1327 733 homines
1339 666 1367 728 ’er
1382 661 1533 745 pellenarii
1552 660 1686 744 ἱματίοις
1702 659 1915 744 spectarasne.

558 753 663 842 Quid
685 755 794 847 ergo?
820 782 860 829 an
904 780 940 827 er
960 755 1068 838 illvm
1086 750 1147 819 ἀπὸ
1170 759 1280 850 τριχῶν
1299 754 1422 840 rapine
1440 758 1665 855 intelligenda
1678 760 1783 831 unius
1797 780 1918 831 came·

530 857 535 886 ·'
565 842 716 945 lipilosa
736 854 836 943 pellis
854 782 919 933 cli,
973 874 1017 921 ua
1035 850 1142 921 Fauni
1156 844 1329 940 cujusdam
1351 856 1388 925 δε
1411 858 1521 952 Satyri
1534 853 1657 937 instar,
1686 877 1802 927 cutem
1815 849 1915 924 suam

565 962 759 1042 corpusque
778 948 934 1023 texerit?
972 951 1051 1019 Hoc
1076 942 1226 1019 noslnlm
1249 973 1392 1047 quoque
1416 947 1585 1048 quosdam
1618 948 1760 1026 voluisse
1782 950 1914 1021 video:

564 1065 607 1114 eo
629 1039 793 1119 adduuos
808 1065 1033 1143 argumento,
1061 1042 1160 1141 quod
1178 1066 1323 1142 uterque
1342 1046 1658 1147 Evangelistapilos
1676 1072 1745 1122 non
1758 1044 1917 1119 camelo-

554 1145 662 1218 'rum,
690 1135 747 1211 sed
756 1146 875 1217 Cameli
883 1140 1023 1214 laudet:
1050 1139 1141 1211 unde
1153 1140 1383 1223 concludunt,
1410 1143 1917 1243 vestimentumJohannisnon

565 1232 744 1314 constitisse
765 1265 784 1311 e
804 1240 885 1337 pilis
904 1236 1094 1309 multorum
1109 1237 1341 1320 camelorum,
1370 1242 1404 1311 in
1424 1264 1532 1312 unum
1545 1236 1638 1337 quasr
1656 1265 1812 1337 pannum
1827 1262 1917 1311 con·

566 1337 672 1410 textis
682 1382 692 1416 ,
722 1331 779 1408 sed
797 1339 899 1408 unius
918 1333 1038 1411 cameli
1051 1324 1144 1404 fuisse
1156 1332 1280 1407 vellus.
1332 1338 1384 1412 Ut
1402 1337 1701 1434 quemadmodum
1714 1335 1818 1408 multi
1827 1338 1918 1406 San·

568 1438 700 1506 storum
725 1429 944 1509 circumivisse
972 1428 1132 1504 dicuntur
1150 1435 1178 1496 ἓν
1190 1432 1344 1513 penaeas}
1363 1430 1412 1516 (qi
1437 1430 1559 1518 aisper'o'rc
1576 1434 1702 1527 dippum
1722 1436 1756 1504 r'n
1779 1426 1918 1527 peslsbrn

567 1532 668 1604 ovinis
686 1548 781 1627 aeque
800 1531 954 1626 caprinis,
974 1524 1140 1602 rreum:
1153 1542 1210 1618 37.
1236 1520 1416 1622 insignum
1435 1530 1661 1609 innocentiae,
1687 1529 1917 1625 poenitentiae,

569 1632 607 1700 &
628 1624 763 1700 austerae
781 1628 886 1711 vitae3
914 1626 961 1697 ita
973 1625 1009 1694 &
1020 1620 1195 1723 Johannes
1213 1624 1348 1718 corpori
1361 1617 1422 1694 suo
1436 1619 1671 1714 circumjecisse
1682 1624 1861 1724 putandus
1875 1619 1915 1695 srt

568 1728 664 1819 llppa
686 1721 806 1807 lapsae
824 1768 834 1797 ‚
855 1724 965 1819 pellem
993 1718 1133 1799 camel,
1156 1717 1323 1791 incultam
1346 1718 1603 1817 horridamque.
1631 1726 1836 1794 =Caeterum
1857 1743 1918 1793 nec

570 1823 637 1897 hoc
662 1824 777 1893 animo
807 1845 886 1891 meo
912 1815 1099 1890 satisfacit:
1133 1839 1204 1886 non
1236 1817 1328 1886 enim
1351 1816 1423 1909 mg>
1442 1821 1483 1881 τᾶ
1500 1818 1652 1908 llppee&
1669 1817 1713 1888 de
1733 1818 1839 1913 pelle,
1862 1811 1917 1887 sed

571 1917 641 2017 erg>
662 1912 717 1986 τιίῖν
736 1920 844 2012 τριχῶν
863 1917 906 1987 de
926 1915 1000 2011 pilr'a
1017 1910 1162 1994 cameli,
1190 1912 1253 2007 qui
1271 1914 1427 2009 utiquca
1446 1914 1536 2009 pelle
1560 1912 1793 2012 distinguendi
1815 1908 1914 1993 sunt,

569 2015 795 2119 Evangelistae
808 2014 1011 2110 loquuntur.
1062 2006 1164 2080 Malo
1182 2008 1300 2176 itapue
1310 2008 1623 2107 intelligeremini:
1640 2010 1774 2105 τρίχινον
1785 2011 1916 2108 pallirmr

570 2144 612 2195 ex
633 2119 728 2191 lrr'rtr'r
744 2112 898 2188 camelinis
913 2109 986 2206 pilia
1006 2108 1187 2185 contextui,
1217 2130 1372 2201 aperum
1398 2108 1434 2176 ὃ(
1457 2108 1537 2181 vile.
1590 2108 1699 2202 Quod
1717 2134 1761 2181 an
1781 2105 1918 2204 corpori

571 2212 771 2290 immediate
791 2207 1014 2308 applicuerit,
1042 2227 1086 2277 an
1097 2202 1196 2275 ‘alteri
1215 2202 1351 2275 cuidam
1372 2204 1453 2275 velli
1476 2205 1629 2277 interiori
1653 2200 1917 2301 superinduerit,

571 2314 742 2409 Scriptura
761 2327 915 2388 tacente,
941 2298 1241 2375 determinandum
1253 2299 1355 2371 nobis
1374 2299 1517 2374 nonest.
1569 2301 1667 2374 Idem
1679 2296 1806 2377 sensisse
1818 2299 1919 2372 vide·

569 2434 624 2483 tur
645 2408 786 2481 Clemens
804 2403 1045 2477 Alexandrinae
1066 2396 1122 2470 lib.
1147 2420 1201 2472 ιι.
1220 2400 1344 2489 perag.
1367 2421 1393 2466 c.
1417 2422 1453 2469 x.
1476 2400 1510 2471 in
1529 2396 1601 2473 haec
1621 2402 1724 2473 verba
1746 2394 1915 2488 scribens:

571 2509 585 2574 ὅ
605 2498 791 2612 ῧμακᾶςιθ
809 2497 929 2572 sudernc
949 2490 998 2581 vi
1020 2498 1076 2560 τῶν
1096 2487 1259 2588 προβάτων
1280 2486 1420 2589 doepplllr
1437 2489 1492 2567 cale
1510 2496 1644 2591 τρίχας,
1668 2490 1781 2578 estlear·
1795 2496 1915 2587 speeie,

570 2619 627 2663 τας
644 2594 701 2655 cclv
721 2586 858 2671 nepsam
876 2580 973 2650 einero
991 2580 1122 2675 τρίχας,
1150 2571 1201 2662 ’Ui
1215 2576 1333 2651 ‘mlius
1355 2575 1511 2665 iunipero
1526 2628 1536 2655 ,
1559 2580 1594 2647 'ri
1614 2585 1726 2655 ὶυτελὶς
1748 2575 1799 2665 Ui
1813 2574 1917 2645 {senet

572 2682 613 2741 eu
634 2675 686 2752 ala
703 2670 945 2755 ὑποτυπέμινθ.
992 2674 1111 2739 Beanra
1133 2666 1300 2758 Jolraennes
1319 2663 1457 2761 despolier
1480 2691 1600 2776 quoque
1619 2669 1840 2764 aerumpna,
1865 2666 1918 2763 pai

570 2772 698 2846 deliciae
717 2768 878 2849 redolent,
903 2764 984 2859 pilos
1002 2761 1193 2834 camenmn
1210 2760 1306 2855 elegit
1324 2808 1336 2844 ,
1361 2766 1403 2836 (φ
1421 2767 1460 2836 iia
1473 2769 1508 2851 le
1528 2762 1662 2848 vestiit,
1681 2764 1857 2861 simplicem
1870 2761 1919 2855 eri·

571 2889 659 2945 carn,
683 2868 726 2939 &¹
747 2866 852 2937 adalo
871 2862 1007 2932 alienam
1031 2855 1269 2951 representans.
1314 2864 1433 2946 Quum
1455 2862 1574 2934 ovium
1593 2860 1685 2958 pilos
1703 2861 1847 2936 delicias
1868 2882 1920 2933 re·

573 2964 692 3037 dolere
712 2961 820 3041 dicit,
849 2982 921 3030 non
951 2952 1027 3026 sane
1047 2954 1084 3025 id
1104 2953 1268 3049 intelligit
1288 2954 1330 3024 de
1350 2956 1476 3027 vellere
1496 2960 1603 3029 ovino
1627 2984 1707 3033 cum
1737 2956 1799 3031 sua
1819 2957 1919 3043 lana3

573 3059 653 3137 talis
673 3059 765 3131 enim
786 3053 924 3129 velleris
946 3046 1070 3133 usum,
1097 3071 1138 3122 ut
1153 3049 1353 3123 austeritatis
1369 3047 1592 3148 symbolum,
1622 3081 1640 3127 a
1661 3056 1772 3131 Paulo
1802 3052 1922 3129 lauda·

534 3237 537 3248 ,
573 3168 650 3234 tum
672 3148 757 3236 esse,
789 3152 898 3225 modo
914 3147 1140 3221 audivimus:
1167 3144 1227 3220 sed
1239 3147 1403 3246 intelligit
1421 3150 1586 3223 Clemens
1598 3177 1752 3250 pannum
1774 3176 1820 3227 ex
1830 3150 1921 3226 ovil-

570 3257 606 3333 la
619 3252 695 3332 lana
715 3271 929 3325 contractum.
979 3246 1083 3321 Unde
1103 3240 1352 3342 consequitur,
1380 3246 1517 3346 exlege
1537 3246 1797 3347 oppositorum,
1822 3245 1920 3348 quod

572 3377 633 3453 per
647 3349 741 3448 pilos
753 3346 964 3421 camelorum
983 3344 1108 3440 pariter
1118 3342 1290 3440 intelligat
1310 3341 1500 3416 confertum
1516 3347 1596 3417 inde
1616 3349 1785 3423 cilicium.
1839 3345 1919 3420 cla·

572 3452 643 3523 rius
663 3444 806 3518 eandem
823 3467 896 3516 rem
911 3440 1105 3513 enunciavit
1123 3437 1210 3511 alter
1230 3439 1372 3512 Clemens
1398 3446 1558 3515 Romanus
1585 3474 1595 3517 .·
1637 3448 1700 3543 qui
1720 3448 1757 3519 in
1777 3441 1917 3544 epistola

528 3599 531 3604 -
574 3546 619 3616 ad
640 3539 846 3615 Corinthios
863 3528 908 3609 de
926 3534 1128 3636 Prophetis,
1156 3559 1247 3649 quos
1265 3536 1351 3610 inter
1372 3536 1566 3653 Johannem
1591 3541 1920 3659 Baptistamnume·

571 3662 651 3721 rat,
681 3634 722 3709 src
742 3634 926 3733 loquitur:
951 3639 979 3700 le
1002 3633 1140 3724 lippam
1164 3626 1314 3713 alydon,
1344 3659 1395 3716 err
1409 3638 1562 3717 μηλωταῖς
1579 3683 1590 3713 ‚
1614 3665 1664 3723 rra
1684 3646 1836 3708 Tplon
1855 3650 1916 3705 Kn-

457 3803 460 3808 .
571 3747 754 3805 ΜΗΛΕΙΩΝ
774 3740 966 3797 narrum
989 3724 1223 3827 megimalneer.
1269 3733 1420 3821 Qualem
1436 3735 1685 3832 Prophetarum
1703 3763 1853 3850 quoque
1861 3760 1918 3813 ve·

573 3830 657 3906 {lem
674 3825 863 3923 aliquando
886 3821 980 3900 fuisse
1001 3875 1012 3910 ,
1040 3851 1084 3901 ex
1105 3838 1262 3923 κακοζηλίφ
1280 3826 1676 3929 Pseudo-prophetatum
1696 3834 1834 3935 liquet:
1859 3832 1920 3933 qui

572 3919 869 4005 verorumsrmiae,
896 3921 1017 4000 vestire
1033 3921 1188 3997 solebant
1211 3945 1296 4014 'ruer
1321 3946 1429 4011 mm
1453 3929 1539 4021 slipen
1557 3931 1690 4025 replere
1706 3935 1838 4029 pallium
1854 3936 1917 4006 hir·

572 4044 642 4099 amn
665 4017 999 4116 nnrpilosrrm.Zaeh.
1019 4043 1193 4113 x11124.
1223 4025 1314 4098 Hinc
1341 4024 1395 4097 illi
1428 4043 1514 4113 ww
1540 4025 1626 4117 ²pr
1650 4030 1762 4112 diui,
1790 4026 1918 4121 bosani.

572 4114 668 4219 quasi
683 4120 753 4190 beri
769 4118 868 4206 sete,
892 4113 916 4187 sr
935 4120 1078 4191 verbum
1094 4117 1202 4190 verbo
1218 4119 1352 4195 reddas.
1370 4146 1405 4195 2.
1415 4128 1468 4194 Re
1495 4177 1504 4196 .
1523 4148 1560 4199 1:
1585 4135 1617 4203 8.
1656 4126 1812 4200 Sufficiet
1834 4149 1917 4228 ergo

572 4217 630 4291 hic
648 4209 827 4311 agnoscere
844 4213 1004 4288 vestitum
1025 4213 1192 4315 Johannis
1204 4213 1320 4299 fuisse,
1347 4244 1416 4290 non
1431 4145 1648 4317 spiendidum
1665 4245 1755 4297 certe
1765 4270 1777 4308 ,
1806 4245 1845 4300 at
1857 4244 1916 4298 nee

573 4310 752 4387 sordidum
781 4306 937 4409 prorsus,
970 4308 1029 4385 sed
1047 4312 1155 4386 vilem
1168 4359 1181 4396 ,
1205 4312 1358 4397 rudem,
1395 4321 1694 4394 accommodatum
1722 4342 1797 4395 tam
1824 4322 1916 4407 loco,

573 4410 659 4495 ubi,
679 4432 788 4509 quam
803 4430 1006 4508 argumento
1020 4441 1038 4498 ,·
1055 4410 1156 4510 quod
1181 4407 1349 4489 docebat:
1376 4411 1537 4491 annuum
1555 4416 1670 4512 suropo
1692 4423 1721 4486 lv
1745 4423 1785 4507 τῇ
1812 4420 1916 4512 ἐρωῇ,

1845 4514 1919 4604 ubi,
