4667 5442
651 485 1011 588 Hrsronrn
1072 488 1597 590 Hrenosorrrra.
1710 510 1811 622 257
1913 545 1916 550 ·

558 652 895 729 muranenses
922 656 1028 755 igitur
1060 657 1216 755 Agrippa
1243 700 1256 738 ,
1293 674 1388 729 tanta
1406 656 1442 730 dr
1468 659 1573 732 nitate
1594 653 1740 741 ansius,
1768 679 1962 747 Uthvn.

460 750 615 848 primunr
629 752 880 844 Hierosolymam
896 756 992 825 venit
1012 800 1024 837 ,
1050 755 1173 825 votiva
1195 747 1352 828 sarctificia
1366 678 1558 853 persdlvit,
1593 759 1632 831 &
1652 777 1806 837 catenam
1816 755 1937 852 uror*

459 871 630 933 auream,
657 876 678 923 a
700 851 790 941 Cajo
802 848 988 944 donatam,
1014 849 1168 949 pondere
1191 874 1310 946 parem
1319 850 1518 933 illiserreae,
1546 857 1639 950 qud,
1666 850 1805 942 jubente
1813 833 1888 967 “ff‘'
1897 833 2010 974 ff
2048 897 2055 908 ·

459 944 630 1028 Tiberio,
657 947 789 1020 vintrus
799 945 885 1019 olim
899 946 1026 1030 fuerat,
1054 969 1323 1020 monumentum
1340 943 1488 1021 adversae
1499 946 1645 1023 fortuna
1660 971 1804 1024 mutatae
1814 946 1885 1044 Μ’,
1901 1003 1956 1044 m,

455 1042 496 1115 in
509 1039 729 1144 prosperam,
757 1037 794 1114 su
818 1067 854 1115 ra
863 1041 1151 1144 gazophylacium
1166 1045 1202 1115 in
1213 1037 1356 1118 sacrario
1365 1040 1549 1141 suspendit.
1598 1051 1706 1120 Porro
1721 1059 1972 1125 con-eoam,

455 1133 574 1211 versus
592 1138 636 1213 ad
650 1137 786 1227 moroso
891 1163 1006 1213 curam
1021 1143 1109 1214 inter
1122 1142 1235 1237 prima
1253 1164 1288 1212 re
1312 1141 1349 1212 ni
1362 1143 1503 1240 negotia
1516 1141 1657 1226 habuit,
1684 1166 1805 1217 muros

455 1257 562 1309 novae
582 1260 665 1335 quae
681 1259 824 1310 vocatur
843 1238 991 1312 civitatis
1004 1239 1222 1335 permunire,
1248 1162 1440 1310 &iatiores
1456 1235 1601 1312 altiores
1619 1264 1662 1310 ue
1677 1238 1803 1313 redde·
1990 1328 1993 1334 Ι

456 1347 508 1407 re.
555 1334 601 1406 Et
622 1327 747 1408 fecisset
766 1327 925 1407 adversus
945 1357 1087 1405 omnem
1105 1336 1180 1406 vim
1200 1329 1384 1406 humanam
1409 1264 1738 1436 inexpugnabilem,
1765 1336 1803 1410 ni
1944 1347 1948 1352 '

458 1426 616 1513 Marsus,
642 1432 750 1529 Syriae
768 1425 921 1512 Praeses,
950 1429 1101 1504 Claudio
1118 1423 1245 1504 Caesari
1266 1424 1473 1525 significasset
1490 1456 1566 1504 eam
1587 1457 1661 1506 rem
1680 1457 1741 1530 per
1756 1434 1802 1508 li·
1876 1469 1920 1516 f.

454 1536 576 1601 terase
602 1527 666 1624 qui
688 1521 874 1624 suspicatus
892 1525 1036 1627 Judaeos
1057 1525 1243 1600 molituros
1269 1526 1405 1624 aliquid
1430 1528 1537 1611 novi,
1566 1529 1757 1628 Agrippam
1778 1555 1799 1603 a

452 1622 640 1695 munienda
657 1620 742 1694 urbe
762 1616 914 1697 desrstere
931 1623 1034 1714 julsrt.
1082 1622 1220 1696 Laudat
1238 1619 1329 1697 hunc
1352 1625 1546 1723 Agrippam·
1565 1625 1728 1723 Josephrrr
1744 1628 1798 1701 uti
1821 1687 1836 1700 .

453 1716 832 1817 mitisl'rmo'praeditum
851 1722 886 1793 in
913 1722 1014 1803 enio,
1040 1722 1077 1792 in
1096 1739 1233 1793 exteros
1254 1742 1376 1791 omnes
1406 1745 1451 1794 ex
1471 1743 1573 1818 aequo
1589 1717 1793 1809 beneficum,

452 1816 492 1889 in
507 1811 576 1889 suae
588 1816 702 1915 gentis
720 1813 880 1896 homines
887 1740 1085 1917 benignum
1103 1862 1116 1900 ,
1142 1813 1373 1888 institutorum
1385 1839 1424 1888 ac
1443 1818 1573 1890 rituum
1587 1820 1706 1916 patriae
1729 1820 1796 1893 ob·

451 1908 659 1986 servatorem
677 1910 985 2013 religiosissimum,
1014 1916 1070 1989 cui
1086 1909 1183 1987 nulla
1199 1910 1273 1985 dies
1283 1906 1411 2009 absque
1423 1908 1583 1989 sacrificio
1592 1918 1791 2012 praeteriret.

451 2006 570 2083 Ethac
581 2006 815 2107 superstitione
831 2011 869 2082 &
884 2009 1018 2109 Judaeis
1037 2008 1197 2108 placendi
1217 2007 1329 2084 studio
1355 2008 1481 2084 fastum
1498 2009 1545 2085 est
1564 2031 1604 2083 ut
1625 2014 1794 2110 Jacobum

451 2103 591 2181 fratrem
610 2104 778 2206 Johannis
795 2106 913 2208 gladio
939 2109 1180 2190 interemerit,
1207 2107 1303 2180 idem
1320 2107 1356 2179 in
1376 2114 1517 2181 Petrum·
1544 2102 1695 2183 ausurus.
1745 2115 1794 2185 At

450 2225 524 2276 non
540 2202 700 2275 diuturna
716 2198 777 2300 ipsr
786 2206 881 2304 regni
900 2204 1176 2301 lberosolymiranr'
1184 2198 1283 2276 usura
1300 2205 1469 2303 contigit:
1497 2205 1600 2276 tertio
1616 2207 1708 2280 eninr
1718 2231 1791 2305 quo

449 2302 560 2373 totius
575 2297 707 2398 Judaeae
725 2323 872 2401 regnum
890 2323 1045 2375 tenuerat
1062 2348 1073 2385 ,
1100 2294 1249 2397 septimo
1263 2325 1283 2371 a
1299 2324 1372 2397 quo
1383 2323 1529 2398 coeperat
1539 2323 1703 2401 regnare,
1729 2315 1792 2376 an*
1880 2363 1886 2370 .

448 2417 499 2469 no
518 2395 783 2469 memorabilem
801 2398 1002 2475 inmodum
1022 2399 1235 2471 exanimatus
1249 2396 1296 2470 est
1316 2425 1325 2471 :
1351 2398 1405 2469 uti
1423 2422 1544 2486 omnes
1564 2401 1728 2473 novimus
1747 2421 1793 2476 eu

447 2497 620 2568 nexu.
647 2490 1299 2593 josephuficnarratArtiqmrxmrr.
1351 2497 1500 2595 Jamque
1509 2495 1649 2567 tertium
1658 2494 1792 2594 Judaea

448 2591 559 2663 totius
578 2591 674 2692 regni
690 2613 819 2665 annum
829 2616 892 2667 exe
918 2613 1008 2674 etat,
1032 2616 1111 2664 cum
1129 2592 1288 2689 pervenit
1304 2591 1342 2663 in
1363 2589 1485 2664 urbem
1496 2586 1696 2676 Caesaream,
1708 2617 1790 2691 quae
1815 2635 1818 2640 ·

446 2688 545 2785 prius
562 2688 731 2762 Stratonis
763 2689 865 2762 turris
889 2614 978 2762 dieta
996 2686 1077 2763 est:
1111 2689 1173 2761 ubi
1201 2681 1358 2762 solennes
1380 2685 1485 2761 ludos
1514 2686 1697 2763 celebravit
1723 2714 1790 2787 pro
1902 2729 1907 2740 ·

446 2780 556 2859 salute
575 2780 718 2862 eastris
739 2812 749 2859 r
774 2785 819 2859 ad
840 2810 947 2885 quam
965 2783 1182 2861 festivitatem
1201 2808 1326 2883 magna
1347 2782 1538 2858 multitudo
1558 2785 1733 2860 nobilium
1750 2810 1790 2859 ac

444 2905 629 2982 procerum
655 2904 858 2958 convenerat
881 2909 926 2958 ex
947 2904 1021 2957 tota
1034 2883 1227 2982 provincia.
1277 2884 1360 2973 Ejus
1378 2878 1582 2955 celebritatis
1600 2882 1658 2955 dic
1673 2879 1792 2959 secun·

447 2978 495 3050 da
508 2978 666 3077 procellit
683 3003 783 3054 mane
801 2982 838 3053 in
848 2976 1045 3064 theatrum,
1071 2982 1216 3053 amissus
1232 2976 1321 3052 veste
1332 3000 1407 3052 tota
1423 3002 1467 3052 ex
1483 3000 1625 3079 argento
1642 2979 1793 3056 mirabili
1940 3065 1945 3078 ⁸

446 3099 553 3174 opere
571 3097 766 3159 contexta,
795 3101 875 3176 quae
893 3077 998 3153 radiis
1027 3078 1215 3152 exorientis
1242 3069 1323 3149 solis
1344 3070 1527 3173 perculsa,
1561 3076 1600 3150 ὃ(
1629 3075 1791 3170 divinum
1894 3127 1902 3138 -

474 3171 624 3246 uendam
644 3171 814 3274 fulgorem
833 3175 1018 3257 emittens,
1045 3176 1301 3249 venerationem
1328 3169 1416 3244 eum
1429 3168 1572 3246 horrore
1592 3171 1792 3250 excutiebat

443 3195 686 3369 spestantibm.
739 3273 900 3367 Moxque
913 3270 1109 3344 adulatores
1123 3263 1302 3369 perniciosi
1321 3267 1410 3342 alius
1434 3265 1574 3342 aliunde
1595 3268 1786 3348 acclamans

443 3389 499 3446 tes
520 3372 639 3440 Deum
658 3361 945 3449 consalutabant,
978 3388 1138 3468 rogantes
1164 3388 1205 3439 ut
1231 3364 1359 3439 faveret
1378 3365 1561 3465 propitius.
1611 3368 1786 3442 Hactenus

443 3466 542 3540 enim
562 3485 603 3535 ut
617 3461 796 3536 hominem
813 3465 1001 3548 reveritos,
1028 3488 1117 3542 nunc
1129 3457 1310 3564 ignoscere
1321 3466 1359 3537 &
1383 3460 1479 3536 fateri
1500 3462 1536 3540 in
1553 3485 1597 3533 eo
1615 3461 1786 3560 quiddam

444 3560 585 3638 mortali
600 3581 720 3634 natura
735 3558 969 3636 excellentius.
1019 3565 1119 3636 Hanc
1134 3561 1263 3658 impius
1275 3558 1508 3633 adulationem
1527 3556 1587 3631 ille
1607 3583 1670 3632 nec
1685 3556 1785 3634 casti·

443 3659 564 3759 ga‘vit,
592 3682 654 3733 nte
668 3656 823 3756 repulit:
849 3659 1040 3758 paulloque
1059 3656 1136 3755 post
1154 3652 1360 3755 suspiciens,
1387 3654 1477 3727 vidit
1494 3649 1594 3753 supra
1614 3678 1716 3756 caput
1726 3651 1785 3729 su·
1818 3682 1820 3686 ⁴

442 3779 507 3830 um
526 3754 705 3828 bubonem
732 3741 806 3828 fimi
836 3776 978 3830 extento
999 3753 1226 3830 insidentem:
1259 3776 1415 3853 moxque
1435 3772 1475 3824 ut
1492 3747 1592 3826 sensrt
1610 3749 1701 3828 hunc
1720 3746 1784 3826 esse
1916 3825 1919 3830 .

440 3851 646 3931 calamitatis
667 3846 853 3935 nundum,
906 3854 943 3925 ui
959 3851 1047 3928 olim
1067 3850 1238 3927 felicitatis
1257 3848 1396 3933 suerat,
1430 3873 1475 3922 ex
1490 3850 1622 3924 intimis
1636 3874 1785 3950 praecor·

438 3949 510 4023 diis
531 3947 696 4023 indoluit.
745 3952 867 4023 Secuta
879 3875 963 4023 sunt
982 3949 1111 4021 ventris
1123 3947 1293 4030 tormina,
1319 3946 1431 4022 statim
1450 3970 1472 4019 a
1489 3947 1659 4046 principio
1679 3943 1787 4022 velte·
1902 3953 1906 3958 ’

439 4045 584 4119 mentia.
635 4041 818 4119 Conversis
834 4045 939 4143 igitur
956 4046 993 4119 in
1012 4043 1296 4120 amicosoeulis:
1323 4048 1395 4125 lin,
1414 4045 1552 4143 inquit,
1581 4066 1637 4139 ego
1655 4044 1706 4119 ille
1726 4070 1784 4120 vr·

429 4140 505 4229 sira
522 4143 728 4325 Wellatione
747 4145 841 4217 Derrr
852 4148 958 4218 vitan
972 4143 1149 4241 relinquere
1159 4137 1297 4237 jubeor,
1315 4136 1418 4231 sarab
1433 4142 1603 4237 mceffirate
1616 4165 1785 4239 cremata·
1820 4157 1824 4164 '
1949 4151 1954 4160 '

437 4257 474 4315 rt
488 4264 530 4312 ve
570 4264 624 4314 ran
635 4239 853 4314 ammian.-
877 4240 921 4316 θ’
930 4261 1026 4411 Zrerr
1037 4236 1249 4314 introtulere
1261 4234 1438 4327 salutasti,
1464 4242 1506 4311 ad
1522 4254 1654 4313 mortem
1662 4244 1783 4331 rapior.

437 4334 650 4427 Μανικὰ
666 4334 709 4422 os
725 4334 931 4412 salmace
957 4335 1166 4422 samse.
1214 4339 1336 4431 Neque
1351 4333 1783 4419 menandrum»

436 4429 730 4619 raeaffin‘aaffi.
753 4454 792 4510 rt
810 4457 918 4516 mu
936 4455 987 4512 ret
1002 4429 1319 4612 ampkeffee.
1365 4430 1606 4510 Heelotutus
1615 4429 1783 4606 uelim
1957 4445 1960 4454 '
2039 4465 2061 4536 Q
