4667 5442
728 544 1112 621 DlSSERTllTlO
1147 546 1489 626 EPISTOLICA.
1721 563 1788 646 167

435 726 685 806 minationibus,
699 731 867 808 convitiis,
895 727 1099 799 contumeliis
1113 779 1123 807 ,
1139 753 1180 798 ne
1198 732 1231 798 in
1247 728 1363 828 gentili
1382 733 1516 825 quidem
1534 731 1723 830 philosopho
1740 733 1786 806 se·

436 831 569 908 tendis,
597 824 840 924 promovebitur
863 828 964 899 caulla
977 830 1152 898 Veritatis?
1190 828 1279 898 ltane
1300 832 1472 901 didicimus
1497 831 1683 903 Christum:
1717 841 1788 924 Tu,
1868 859 1871 864 ·
1966 923 1973 936 x

433 928 475 996 ni
491 929 633 1004 Habere,
660 954 702 998 ne
719 924 886 1023 sequitur,
902 951 943 997 ne
960 931 1144 998 comitator.
1197 925 1359 998 Generoso
1383 932 1495 1000 animo
1516 938 1657 1003 convitia
1677 958 1787 1004 conte·

433 1031 550 1096 mullo.
603 1030 714 1125 Spreta
722 1021 921 1103 exolescunt,
937 1022 960 1094 st
973 1022 1114 1096 irascaris
1131 1029 1242 1118 agnita
1258 1028 1445 1097 videntum·
1472 1031 1616 1102 Tantum
1631 1038 1696 1126 jam
1707 1057 1736 1102 te
1755 1039 1789 1105 in

435 1132 546 1192 virtuti
573 1126 676 1198 studio
692 1123 856 1225 profecille
868 1121 1027 1206 arbitror,
1053 1126 1299 1196 utadnumerari
1315 1129 1355 1194 iis
1369 1131 1541 1209 merearis,
1555 1153 1637 1225 quos
1652 1139 1790 1203 necfal-

425 1225 479 1312 stas
494 1227 579 1294 loros
588 1223 707 1318 juvat,
735 1245 791 1295 aar
805 1225 929 1293 mendax
948 1222 1074 1314 iufamia
1088 1240 1190 1293 terret.
1243 1224 1297 1292 An
1315 1226 1425 1320 ignota
1442 1223 1502 1295 tibi
1519 1234 1681 1324 protervia
1695 1239 1732 1304 dt
1746 1231 1788 1303 li·

435 1329 542 1394 centia
560 1322 654 1421 hujus
671 1327 732 1394 aevi
749 1324 813 1408 esi,
838 1347 905 1418 quo
925 1320 1063 1418 palmam
1089 1319 1152 1392 fert
1167 1323 1195 1388 is
1206 1329 1282 1403 μετα*
1296 1334 1376 1393 eden
1391 1338 1508 1416 iprg’mn
1527 1336 1624 1410 ἕξοχόι
1646 1342 1695 1400 lea.
1733 1335 1790 1401 Fa·

438 1424 537 1492 ciant!
564 1448 622 1495 nos
634 1444 897 1498 contemnamus,
921 1431 954 1493 dr
969 1446 1043 1492 curn
1060 1419 1281 1492 Demosthene
1304 1425 1470 1496 decretum
1490 1422 1663 1498 babeamus
1676 1435 1726 1498 eds
1738 1440 1791 1500 eds

436 1527 634 1600 ὦιβκλὸντυν
647 1535 834 1609 βλασφημίας
849 1537 915 1611 ἴργῳ
932 1529 1101 1607 οἷκολῦιθας.
1155 1521 1215 1590 Me
1230 1520 1497 1617 quodattln012s1
1516 1528 1624 1597 minus
1635 1524 1792 1627 prospici·

434 1640 528 1692 enter
540 1645 596 1692 me
611 1621 746 1720 tetigill'e
760 1617 961 1695 Clariffimus
980 1628 1124 1722 il'ayenus
1138 1619 1239 1690 vester
1261 1618 1453 1701 arbitretur,
1478 1631 1513 1696 de
1530 1648 1789 1724 praeoccupatum

435 1741 545 1792 errore
558 1719 686 1817 aliquo,
705 1720 1003 1792 reconcinnandum
1023 1717 1098 1798 elle,
1121 1715 1263 1790 obtestor
1286 1744 1361 1790 eum
1378 1745 1436 1817 per
1447 1746 1655 1796 communem
1673 1731 1792 1799 Domi·

435 1842 535 1900 num,
564 1841 600 1891 ut
617 1817 712 1890 satiat
727 1819 760 1888 id
774 1845 849 1892 curn
862 1823 984 1916 Spiritu
1007 1815 1164 1895 lenitatis,
1190 1842 1228 1888 ea
1251 1823 1354 1890 vitans
1376 1824 1487 1890 omnia
1510 1845 1584 1916 quae
1603 1849 1669 1895 non
1691 1824 1790 1898 licent

438 1916 662 1990 Sacerdotibus
682 1922 781 2014 pacis,
831 1921 888 1989 Ne
903 1920 1040 2014 patiatur
1058 1940 1110 1986 me
1131 1913 1164 1985 se
1188 1919 1268 1986 duce
1290 1928 1325 1989 &
1348 1922 1476 2014 auspice
1497 1945 1559 2016 pto
1578 1923 1790 1996 deridiculoi

437 2018 546 2115 pueris
563 2015 687 2088 haberi.
740 2021 773 2089 Si
793 2015 874 2090 nolit
896 2019 930 2086 id
946 2019 1021 2085 dare
1048 2017 1150 2085 veteri
1167 2019 1334 2098 amicitie,
1359 2036 1390 2087 at
1406 2017 1459 2090 det
1473 2023 1576 2105 aetati,
1594 2045 1660 2117 qua
1682 2021 1788 2119 ipsum

435 2139 570 2198 anteco,
596 2118 650 2189 det
670 2128 816 2200 muneri,
843 2117 930 2214 quod
945 2136 1083 2210 uterque
1095 2117 1129 2181 in
1144 2117 1215 2210 pari
1229 2112 1417 2186 sustinemus
1430 2118 1613 2213 dignitate3
1639 2124 1693 2193 det
1702 2146 1791 2196 cum-

439 2222 532 2289 muni
555 2214 732 2296 boneliati,
749 2240 846 2311 quarn
862 2238 970 2311 neque
988 2214 1171 2283 didicerunt
1187 2235 1293 2309 neque
1308 2237 1420 2285 tenent
1436 2222 1556 2287 incauti
1575 2225 1725 2308 juvenes,
1745 2256 1790 2291 ss-

438 2323 719 2397 didicissemus
741 2323 830 2387 denir,
888 2313 1016 2409 Siquid
1040 2309 1058 2380 l
1078 2335 1131 2381 me
1154 2333 1322 2407 peccatum
1342 2318 1421 2393 erit,
1452 2313 1616 2386 honestius
1638 2319 1788 2416 vapulare

440 2436 570 2517 potero,
594 2420 629 2486 δι
645 2418 712 2484 vite
731 2411 840 2509 aliqua
853 2413 1065 2483 centurionis.
1117 2409 1290 2506 Qtidquid
1306 2431 1416 2482 autem
1432 2416 1574 2510 inceptet
1585 2417 1710 2497 vester,
1725 2445 1791 2516 ego

439 2540 494 2586 me
503 2536 695 2610 componam
713 2513 752 2582 ad
768 2515 971 2608 patientiam:
998 2506 1091 2603 liujus
1101 2510 1320 2579 destinationis
1335 2533 1458 2590 certus,
1483 2523 1518 2581 sis
1533 2523 1673 2584 israeitici
1683 2527 1788 2601 drima-

441 2648 480 2686 rs.
499 2621 533 2686 δε
553 2615 680 2689 vivam,
705 2616 802 2682 etiarn
816 2607 884 2707 ipso
901 2608 1053 2686 nolente,
1078 2611 1227 2677 amicitiae
1246 2610 1357 2679 nolitae
1372 2634 1516 2684 memor:
1539 2618 1573 2685 in
1592 2622 1681 2710 cujus
1699 2616 1793 2687 diffo.

437 2712 562 2786 lutione
578 2709 640 2783 hoc
654 2736 707 2782 me
720 2708 825 2780 valide
841 2705 976 2788 solatur,
1003 2707 1092 2801 quod
1104 2731 1170 2776 non
1188 2706 1384 2779 diil'enserim
1400 2708 1530 2808 abipso,
1544 2709 1603 2785 nist
1621 2715 1792 2812 postquam

437 2812 507 2910 ipse
523 2809 661 2882 dillenfi't
676 2807 752 2899 lse3
776 2804 1011 2882 &incredibili
1035 2814 1261 2899 areanoppdw,
1282 2832 1401 2878 novam
1420 2833 1555 2905 tepente
1568 2817 1700 2885 indutus
1722 2814 1789 2886 for·

438 2935 547 2991 marn,
565 2914 598 2980 in
613 2908 674 2979 alia
695 2915 804 2981 omnia
825 2912 902 2987 ivit,
919 2904 977 2978 ubi
989 2907 1092 3002 iplum
1102 2928 1159 3002 per
1172 2908 1273 2975 animi
1285 2908 1351 2975 mei
1364 2905 1557 2998 religionem
1566 2908 1656 3003 sequi
1672 2934 1790 2982 autco-

439 3015 549 3083 mitati
564 3034 630 3079 non
653 3031 809 3100 poteram.
862 3009 923 3073 Sed
944 3026 1070 3092 tempus
1087 3005 1183 3067 estut
1196 3021 1329 3068 manum
1338 2998 1496 3069 tollatnde
1513 3002 1632 3074 tabula.
1686 3010 1793 3076 lnvo.

440 3129 477 3179 to
490 3104 579 3175 finio.
632 3106 722 3171 Deus
734 3105 890 3197 Optimus
907 3097 1000 3170 ille&
1020 3099 1202 3180 Maximus,
1223 3099 1316 3167 Patet·
1329 3092 1507 3185 luminum,
1533 3103 1789 3175 Douormcom·

441 3199 597 3305 parabilis
613 3243 623 3274 ,
645 3197 769 3270 imbuat
781 3220 831 3276 te,
850 3194 975 3266 imbuat
990 3220 1051 3272 me,
1067 3192 1190 3265 imbuat
1202 3219 1315 3269 omues
1332 3191 1499 3268 conservos
1510 3200 1650 3278 nostros,
1666 3201 1791 3276 imbuat

439 3303 573 3378 condius
588 3293 801 3382 cicuticines,
827 3300 947 3393 Spiritu
957 3319 996 3364 ex
1020 3294 1102 3379 alto,
1126 3314 1161 3366 ut
1183 3298 1331 3367 veritates
1355 3292 1496 3366 coelelles
1519 3301 1555 3366 in
1570 3297 1695 3396 liquida
1720 3300 1792 3374 luce

441 3418 627 3484 cernentes,
643 3399 729 3468 idem
745 3396 785 3465 de
800 3393 837 3464 iis
855 3391 1047 3469 sentiamus,
1079 3396 1165 3462 idem
1182 3392 1367 3489 loquamur,
1381 3396 1789 3472 eodemearumarnoreac-

440 3499 527 3575 eenfi
544 3521 602 3596 per
613 3521 664 3567 eas
680 3490 933 3571 sanctificemur,
957 3489 1014 3587 ipli
1029 3490 1203 3561 luminaria
1218 3491 1294 3563 fasir
1312 3495 1347 3562 in
1361 3495 1469 3565 medio
1484 3503 1701 3592 generationis
1716 3525 1791 3596 per-

443 3596 542 3674 versae
559 3621 595 3668 ac
612 3594 778 3682 tortuose,
804 3588 997 3688 exemplaria
1022 3591 1198 3668 modestiae,
1220 3594 1417 3688 prudentiae,
1441 3590 1604 3684 lenitatis,
1630 3595 1791 3670 sincerita-

443 3704 501 3779 tis,
525 3694 605 3774 zeli,
627 3697 773 3793 pietatis,
795 3694 966 3786 omnisque
981 3691 1123 3784 denique
1140 3694 1280 3761 virtutis.
1330 3691 1453 3786 jehova
1465 3718 1547 3766 unus
1558 3692 1612 3774 sir,
1627 3705 1791 3769 &nomen

442 3805 514 3893 ejus
532 3817 634 3869 unum
657 3797 690 3862 in
711 3786 859 3864 universa
885 3811 980 3859 terra.
1034 3791 1238 3860 Concorrant
1259 3791 1403 3885 undique
1424 3816 1554 3888 gentes,
1580 3793 1794 3894 habitentque

442 3891 693 3986 Hierosolymis:
716 3888 885 3961 anathema
905 3885 951 3958 ibi
966 3911 1064 3961 omne
1083 3887 1205 3958 cresto:
1225 3889 1395 3960 incurvent
1410 3886 1440 3957 se
1455 3915 1566 3962 omnes
1582 3894 1712 3992 populi,
1734 3896 1793 3968 ho·

441 4017 557 4070 uorem
574 3987 762 4064 exhibentes
775 3989 863 4084 Regi
882 3986 1013 4076 Jthovae
1030 3990 1246 4068 exercituum,
1270 3985 1461 4058 celebraturi
1483 3988 1650 4063 nobiscum
1673 3991 1793 4066 laetilli·

444 4119 536 4169 mum
550 4089 651 4178 illud,
672 4115 708 4161 ac
727 4091 915 4182 turpiorum
934 4091 1016 4158 votis
1041 4088 1235 4181 expetitum,
1260 4083 1375 4157 festum
1398 4084 1705 4164 Tabernarulotum.
1756 4097 1793 4168 Ο

444 4196 578 4291 quando
594 4191 755 4261 exorietur
772 4185 826 4258 ille
840 4188 926 4263 dies,
952 4188 1009 4281 qui
1026 4182 1164 4281 suspiriis
1187 4181 1258 4254 filiae
1274 4188 1385 4257 Zionis
1400 4191 1570 4283 imponens
1588 4188 1708 4274 finem,
1740 4195 1791 4260 in.

445 4295 524 4366 duat
537 4315 608 4362 eam
624 4285 763 4359 vestibus
786 4284 893 4358 salutis
907 4294 940 4357 δι
956 4286 1083 4354 amiciet
1092 4280 1188 4378 pallio
1200 4283 1344 4378 justitiae:
1369 4309 1435 4381 quo
1459 4311 1565 4384 neque
1579 4290 1703 4360 occidat
1724 4314 1791 4360 am-

445 4389 531 4492 plius
545 4385 590 4464 sol
603 4393 671 4486 ejus
691 4410 798 4487 neque
810 4382 888 4461 luna
903 4387 1038 4482 recipiat
1054 4383 1102 4468 l'e,
1117 4381 1171 4454 led
1186 4382 1354 4520 completis
1366 4382 1477 4461 diebus
1494 4385 1596 4462 lucius
1609 4386 1656 4462 sui
1667 4387 1797 4584 Jebpgp
