4667 5442
640 458 746 559 ‘De
780 432 930 554 'Vrsa¹
960 458 1226 575 Journnrs
1263 460 1552 556 Baarrsrar
1706 480 1802 593 395
1933 457 1937 465 ’

453 615 515 694 mt‘r
533 617 647 712 vixiffe
666 621 814 707 dicitur,
842 621 940 721 quod
959 603 1143 699 hominum
1161 622 1349 701 inurbibus
1362 626 1605 724 frequentiam,
1633 625 1670 699 &
1687 623 1805 727 super-

456 717 501 789 ba
523 719 653 792 civium
671 723 909 817 potentiorum
937 721 1059 795 limina
1088 725 1239 806 vitaret,
1273 727 1311 797 &
1339 720 1524 797 solitudine
1559 722 1801 808 delcetantur,

443 874 447 884 .
483 838 627 889 uantum
645 841 706 915 per
727 821 865 914 pietatis
886 839 990 917 atque
1002 818 1226 895 humanitatis
1253 822 1364 902 offitia
1389 821 1524 894 licebat.
1576 827 1690 917 Nugce
1710 822 1803 895 enim

451 838 533 998 siant
555 937 637 1008 quae
658 916 881 1012 nicephorus,
901 921 1082 1000 cedrenus,
1105 916 1236 1014 aliique
1256 916 1444 991 fabularum
1465 915 1651 990 hamaxarii
1668 918 1709 988 de
1726 913 1803 1015 spe·

454 1008 558 1082 lunca
569 1010 730 1095 tradunt,
758 1014 919 1110 inquam
939 1010 971 1086 se
988 1039 1066 1087 cum
1084 1014 1210 1087 infante
1225 1010 1308 1097 suo,
1335 1014 1378 1086 ad
1391 1008 1601 1109 effugiendas
1624 1008 1803 1111 sanguina-

450 1106 519 1177 rias
540 1106 694 1180 Herodis
713 1135 835 1183 manus
853 1155 866 1191 ,
895 1110 1068 1183 abdiderit
1082 1107 1278 1184 Elisabeta:
1303 1135 1374 1209 qua
1391 1109 1466 1207 post
1478 1108 1708 1205 'quadraginta
1725 1109 1799 1182 dies

452 1200 526 1274 sato
545 1202 686 1286 funeta,
715 1207 869 1303 Angelus
891 1211 1023 1280 venerit
1041 1208 1180 1279 infantis
1204 1203 1293 1280 susce
1334 1233 1414 1279 urus
1443 1231 1570 1278 curam.
1625 1205 1728 1279 Unde
1749 1204 1798 1278 fa-

450 1302 544 1369 stum
563 1295 624 1382 sit,
652 1325 691 1373 ut
708 1302 882 1400 Johannes
894 1303 929 1376 in
948 1303 1036 1377 locis
1055 1303 1214 1377 solitariis
1234 1230 1355 1379 vergii
1374 1304 1559 1382 amaverit,
1590 1302 1798 1399 Angeloque

450 1394 540 1466 duce
562 1397 598 1468 in
614 1400 819 1471 remotiores
839 1393 995 1473 silvarum
1009 1395 1148 1475 recessus
1162 1400 1305 1473 abiverit
1322 1428 1331 1472 ε
1384 1396 1451 1471 uasr
1471 1420 1574 1473 exuta
1588 1396 1801 1472 humanitate

444 1515 531 1565 cum
545 1492 630 1566 feris·
645 1519 751 1590 quam
772 1520 852 1569 cum
870 1493 1071 1569 hominibus
1089 1496 1214 1592 degere
1235 1426 1414 1570 maluisset.

441 1645 444 1650 .
548 1593 724 1664 XXXlll.
751 1597 831 1666 Hoc
850 1619 955 1665 omne
971 1592 1020 1666 est
1043 1594 1142 1689 quod
1162 1592 1205 1663 de
1219 1591 1387 1691 Johannis
1399 1595 1544 1689 pueritia
1564 1594 1600 1664 &
1620 1592 1936 1681 juventurexxxnt

447 1685 487 1756 in
507 1687 616 1759 Sacris
638 1689 782 1762 traditur
799 1716 811 1775 3
836 1714 950 1787 neque
965 1690 1105 1762 aliunde
1125 1688 1319 1786 quidquam
1340 1684 1486 1761 hauseris
1508 1737 1518 1769 ‚
1548 1688 1645 1785 quod
1667 1689 1740 1760 ulla
1758 1684 1795 1761 'se
1810 1684 1956 1761 sequani

448 1785 522 1854 veri
538 1780 648 1878 specie
667 1788 899 1860 commendet.
948 1793 1033 1859 Non
1053 1782 1163 1858 visum
1176 1788 1317 1883 Spiritui
1335 1790 1456 1859 Saudo
1477 1785 1541 1868 est,
1569 1780 1795 1859 curiositatem
1804 1779 1972 1855 camaram

447 1877 597 1952 nostram
619 1880 782 1977 pascere,
809 1884 1087 1965 narrationibus,
1114 1882 1157 1956 ad
1177 1884 1257 1957 etim
1282 1908 1389 1980 quem
1408 1876 1469 1953 srbi
1485 1877 1707 1980 proposuerat
1720 1835 1973 1972 seo-lssssiff‘mfi‘

446 1998 557 2070 pum,
588 1980 651 2074 qui
672 1978 719 2051 est
738 1979 916 2077 Evangelii
929 1979 1133 2077 patcsadio,
1162 1981 1276 2053 minus
1294 1974 1491 2052 necessariis.
1543 1986 1557 2050 l
1586 1974 1648 2049 stus
1668 1977 1797 2054 Christi
1803 1983 1962 2064 transmissa,
1980 2021 1990 2034 .

444 2075 595 2146 Domini
616 2077 799 2171 pueritiam
819 2099 923 2174 atque
948 2072 1215 2149 adolescentiam
1240 2071 1373 2149 filenrio
1402 2004 1597 2149 transmisi.
1648 2080 1692 2146 Et
1714 2066 1958 2173 quisurqaedugn

444 2174 590 2244 miretur
608 2171 702 2245 idem
723 2175 795 2261 ejus
809 2168 986 2271 contigisse
1002 2168 1203 2248 Praecursori
1223 2171 1237 2242 i
1263 2175 1421 2270 Uterque
1433 2170 1581 2244 totidem
1601 2170 1793 2270 formos
1801 2144 1954 2294 {miss

444 2266 561 2339 latuit.
612 2272 698 2341 Eam
717 2268 764 2341 ob
785 2295 859 2342 rem
877 2271 1082 2358 conveniens
1106 2270 1190 2353 fuit,
1218 2292 1258 2342 ut
1272 2270 1392 2343 lateret
1410 2292 1556 2368 quoque
1570 2269 1795 2343 annerumil-
1897 2264 1908 2281 '

444 2362 563 2437 lorum
583 2361 734 2441 historia.
785 2361 972 2449 satisfuit,
999 2365 1059 2439 illa
1081 2371 1264 2439 memorari
1276 2388 1454 2462 tempora,
1480 2365 1715 2464 quaepublico
1730 2367 1798 2438 im-

445 2455 550 2556 pense
568 2505 580 2543 ,
608 2487 688 2560 quae
704 2466 742 2537 in
755 2488 895 2537 munere
909 2459 1120 2547 transmissa,
1148 2488 1228 2561 quae
1247 2464 1292 2535 ad
1303 2460 1383 2536 fidei
1398 2460 1519 2536 nostrae
1534 2460 1711 2536 firmamen
1725 2458 1796 2535 sus-

446 2553 638 2631 ficcrevisa.
684 2564 740 2632 Eo
752 2563 859 2658 igitur
878 2565 976 2633 Sacra
993 2560 1125 2635 festinat
1136 2560 1314 2642 Historia,
1343 2583 1381 2633 ut
1394 2556 1561 2633 describat
1579 2555 1631 2626 riv
1650 2553 1797 2642 oirilbiw

443 2651 555 2724 saraa
572 2653 651 2751 apic
670 2654 720 2723 riv
739 2654 880 2752 leporina
904 2655 1046 2754 quando
1065 2660 1230 2731 nimirum
1246 2658 1432 2755 incipiebat
1451 2659 1486 2730 in
1511 2655 1692 2754 publicum
1712 2684 1796 2756 pro·

440 2750 549 2833 dire,
577 2747 777 2850 capessendo
791 2756 827 2826 &
850 2755 1041 2827 exercendo
1059 2780 1207 2838 munus,
1234 2755 1278 2827 ad
1294 2754 1393 2851 quod
1406 2755 1585 2826 Divinitus
1602 2774 1672 2826 erat
1689 2778 1793 2827 voca·

440 2870 514 2922 tus.
568 2854 688 2939 Quum
707 2850 900 2923 Sacerdotis
920 2847 1013 2924 filius
1042 2848 1148 2937 esset,
1186 2851 1412 2927 Sacerdotalis
1443 2850 1619 2948 dignitatis
1643 2851 1722 2939 jus,
1750 2876 1796 2931 ex

444 2969 578 3029 more,
602 2949 643 3021 &
669 2947 773 3046 lege,
806 2950 838 3022 ei
857 2973 934 3020 com
962 2950 1087 3026 erebat.
1136 2950 1305 3023 Solebant
1325 2972 1445 3022 autem
1461 2947 1687 3022 Sacerdotum
1713 2944 1792 3031 filii,

443 3044 510 3116 rite
525 3048 703 3141 praeparati
714 3091 727 3126 ,
756 3047 841 3119 circa
857 2974 1081 3131 vicesimum,
1106 3049 1169 3121 alii
1188 3050 1232 3120 tri
1259 3042 1402 3120 efimum
1413 3044 1584 3128 statuunt,
1610 3045 1793 3118 aetatisan·

439 3163 548 3224 num,
575 3143 610 3214 in
627 3142 782 3216 conclavi
798 3143 950 3223 Gauitb,
976 3169 1103 3244 magno
1132 3072 1301 3241 synedrio
1326 3139 1392 3214 sese
1413 3140 1643 3238 explorandos
1661 3135 1793 3216 srstere:

442 3238 540 3309 unde
558 3240 588 3311 is
606 3243 668 3337 qui
685 3237 774 3312 labis
790 3239 1027 3314 inveniebatur
1041 3264 1185 3337 expers,
1213 3239 1300 3311 albis
1314 3237 1456 3310 indutus
1472 3236 1645 3318 vestibus,
1674 3235 1794 3308 laerus·

442 3357 515 3431 que
532 3331 748 3417 discedebat,
774 3336 819 3408 ad
835 3336 1011 3433 publicam
1031 3335 1219 3409 sacerdotii
1240 3333 1449 3405 fundionem
1469 3330 1793 3405 dehincadmitten-

439 3432 520 3506 dus.
574 3438 623 3508 At
635 3432 809 3535 Johannes
827 3432 937 3507 noster
959 3458 1001 3504 eo
1022 3430 1206 3507 destinatus
1226 3451 1321 3513 erat,
1349 3453 1388 3502 ut
1409 3454 1480 3502 non
1499 3451 1571 3500 tam
1582 3432 1792 3520 Sacerdotem,

438 3553 549 3625 quam
568 3531 761 3626 propheram
770 3532 921 3628 Altiffimi
940 3552 1063 3627 ageret.
1114 3529 1270 3627 Ideoque
1293 3526 1336 3599 de
1360 3526 1559 3600 sacerdotio
1578 3519 1681 3625 ipsius
1709 3521 1791 3606 nus·
1830 3573 1834 3584 «
1921 3543 1929 3584 ·

471 3652 552 3701 uam
571 3628 710 3727 legitur.
763 3634 878 3717 Qtam
893 3628 938 3700 ob
959 3653 1033 3701 rem
1049 3626 1105 3702 hic
1121 3650 1269 3725 ⁴quoque
1292 3623 1519 3724 intelligenda
1542 3621 1683 3722 publica
1702 3630 1790 3702 Pto·

436 3747 462 3821 p
489 3727 569 3798 etici
592 3727 745 3799 muneris
771 3725 898 3798 sunstio
918 3723 977 3798 est.
1786 3760 1789 3764 ’
1816 3794 1820 3801 .

538 3825 717 3896 XXXIV.
744 3826 830 3895 Eam
850 3868 861 3905 ,
883 3828 963 3895 Deo
982 3824 1151 3913 jubente,
1179 3819 1370 3921 auspicatus
1393 3816 1439 3894 est
1471 3843 1553 3896 anno
1574 3844 1634 3896 xv.
1659 3820 1935 3923 imperiixxffi·

439 3914 567 3993 Tiberii
596 3919 750 4007 Caesaris,
784 3923 901 3995 Pontio
916 3922 1028 3997 Pilato
1046 3940 1240 4017 procurante
1257 3922 1427 4015 judeam,
1452 3916 1627 3994 Tetrarcba
1652 3918 1788 4018 Gelilaa
1795 3931 1888 4016 Qud,
1903 3950 1967 4009 que·

438 4021 566 4091 Herode
581 4071 592 4099 ,
620 4017 708 4093 Phili
749 4037 885 4091 oaatem
896 4019 965 4112 ejra
976 4020 1080 4107 fratre
1097 4016 1272 4093 Tetrareha
1295 4021 1418 4090 Ituraea
1437 4015 1476 4092 d
1493 4016 1720 4096 Trachonitidia
1736 4028 1819 4092 re·“⁰
1844 4010 1932 4067 ‘2⁴³³'
1963 4096 1967 4103 ,

432 4118 538 4209 giomi
556 4169 568 4197 ,
591 4117 636 4190 ei·
659 4122 711 4210 Ly
722 4117 796 4188 ania
812 4112 971 4210 Abytenes
988 4114 1164 4192 Tetrarcba
1182 4170 1194 4198 ,
1213 4112 1273 4206 sub
1290 4111 1498 4203 Pontificibus
1517 4116 1673 4188 Maximis
1687 4121 1784 4189 Anna
1793 4080 1965 4221 [ww

439 4215 484 4287 o·
507 4208 663 4309 cajapha,
679 4218 760 4287 Luc.
776 4236 856 4287 111:
876 4236 906 4296 1,
919 4239 955 4292 2.
1007 4218 1097 4304 041ae
1116 4212 1270 4309 profesto
1286 4232 1440 4286 accurata
1462 4207 1539 4285 satis
1552 4212 1719 4313 temporis
1738 4200 1897 4313 estrrqur’n

434 4304 634 4406 descriptio.
683 4310 762 4386 Post
781 4310 955 4385 Israelitici
972 4312 1072 4410 regni
1092 4305 1328 4392 divifionem,
1354 4305 1601 4423 Prophetarum
1629 4312 1900 4407 temperandae.
1959 4321 1976 4339 ·

432 4409 551 4484 notari
565 4403 679 4506 solent
695 4410 793 4485 annis
810 4412 973 4512 Regum,
998 4430 1075 4486 tum
1090 4407 1222 4581 JudDae‘,l
1235 4403 1473 4579 qumlsrailts,
1496 4409 1789 4512 quruncterram

1284 4527 1306 4585 2
1698 4526 1785 4603 1³1⁰!
