4667 5442
595 415 706 512 Dr
744 414 945 526 Ruunt.
981 416 1126 514 From
1163 446 1236 513 ao
1271 419 1584 538 Jusrrrrcrr.
1696 424 1802 553 627

456 597 671 676 exponentes
687 626 699 663 ,
714 578 840 670 sublato
867 583 937 658 velo
959 580 1036 673 fidei
1057 584 1202 658 tribuam
1220 586 1595 679 SocinimoPontzliciam
1614 583 1803 682 justificandi

454 679 624 749 rationem.
673 679 782 768 Quod
810 676 930 753 solidis
959 684 1168 780 argumentis
1185 682 1367 779 probatum
1389 682 1483 757 dant.
1534 686 1623 758 Vide
1636 686 1804 773 censuram

457 769 594 864 Proseffi
609 775 752 863 Leidens.
763 796 829 873 cap.
839 804 876 850 x.
893 783 925 862 u
926 830 937 852 .
952 803 995 860 2,
1015 801 1045 871 3.
1070 800 1205 852 tantum
1218 778 1308 852 abest
1327 800 1365 851 ut
1377 776 1521 854 Ecclefia
1532 782 1640 855 nostra
1653 805 1726 854 earn
1737 807 1805 856 un·

458 893 568 966 quam
583 868 772 945 doctrinam
792 898 856 970 pro
875 871 965 946 suaa
992 879 1139 948 noverit.
1193 899 1251 950 11.
1269 873 1378 966 Quod
1398 871 1503 951 fidem
1524 875 1611 950 hanc
1629 874 1805 953 succedere

456 966 571 1040 velint
589 967 624 1039 in
645 968 764 1041 locum
783 969 938 1067 perfectae
954 899 1050 1045 iiius
1067 971 1275 1046 obedientiae
1296 997 1402 1071 quarn
1424 972 1535 1047 foedua
1559 973 1684 1072 legale.
1713 972 1807 1047 ostu-

456 1060 568 1136 labat.
620 1067 714 1137 Huic
733 1067 878 1140 enimin
905 1067 1032 1142 foedere
1052 1068 1171 1167 gratiae
1200 1066 1409 1143 substituitur
1432 1069 1577 1166 perfecta
1599 1000 1805 1143 obedientia

459 1156 612 1242 Christi,
639 1184 708 1258 qua
724 1163 779 1252 jus
798 1162 885 1259 legis
895 1165 1081 1262 impletum
1101 1163 1159 1239 est.
1197 1188 1299 1240 ·111.
1323 1166 1431 1253 Quod
1444 1162 1548 1239 fidem
1559 1191 1598 1238 ea
1613 1167 1756 1238 notione
1766 1190 1805 1239 ac
1828 1253 1830 1258 ,

458 1248 707 1354 significatione
726 1256 935 1334 confiderent
954 1282 993 1334 ut
1008 1262 1412 1358 allionemexpraescripto,
1436 1263 1474 1334 &
1492 1287 1555 1361 per
1573 1264 1716 1361 gratiam
1736 1262 1806 1333 Dei

458 1353 605 1428 anobis
624 1354 830 1453 praestitam,
857 1358 953 1448 cujus
972 1359 1100 1431 intuitu
1117 1362 1215 1433 Deus
1236 1356 1321 1435 velit
1333 1359 1436 1430 nobis
1453 1357 1581 1432 donare
1607 1356 1731 1431 Christi
1752 1357 1806 1444 ju·

457 1445 609 1535 stitiam,
634 1454 673 1526 dc
691 1453 919 1526 remillronem
933 1476 1172 1551 peccatorum,
1201 1480 1246 1529 ex
1262 1448 1407 1553 gratiosa
1421 1453 1572 1552 quadam
1590 1452 1807 1528 constitutio-

457 1569 517 1619 ne.
557 1571 613 1622 tv.
630 1549 738 1641 Quod
754 1576 829 1623 eant
842 1553 1078 1623 conditionem
1091 1552 1298 1645 Evangelioa
1315 1550 1415 1623 nobis
1427 1554 1513 1645 exigi
1525 1552 1645 1634 velint,
1661 1573 1701 1624 ut
1711 1548 1807 1648 apud

457 1629 578 1719 Deum
598 1646 676 1735 julli
696 1649 733 1719 δ’(
753 1643 904 1721 insontes
917 1646 1115 1720 habeamur.
1166 1648 1337 1728 conditio
1351 1645 1710 1737 enimjustilicationis,
1723 1671 1807 1745 pro·

458 1738 534 1837 prie
552 1742 756 1841 loquendo,
780 1742 912 1816 nonest
930 1740 991 1816 nist
1010 1744 1156 1840 perfecta
1167 1743 1373 1816 obedientia.
1402 1747 1501 1816 Hanc
1515 1745 1623 1842 exigit
1631 1742 1702 1818 lex.
1729 1750 1806 1817 Ne-

488 1859 533 1909 ue
548 1840 778 1937 Evangelium
797 1837 1093 1916 substituitaliam.
1144 1845 1188 1915 Se
1212 1827 1352 1921 ³docet,
1376 1836 1446 1936 legi
1456 1837 1661 1913 satisfaciunt
1671 1835 1734 1913 elle
1769 1864 1805 1914 er

461 1860 674 2030 gponsorem
693 1935 895 2011 Christum:
931 1934 1012 2011 fidei
1032 1962 1138 2034 porro
1165 1962 1188 2009 o
1226 1938 1318 2032 ciunt
1338 1931 1435 2017 elle,
1462 1933 1722 2011 satisfactionem
1743 1866 1808 2010 irbi

460 2029 618 2106 oblatam
633 2056 831 2130 acceptare,
859 2035 1066 2134 acceptando
1078 2031 1174 2110 suam
1194 2033 1330 2111 faceret
1356 2034 1394 2107 δι
1415 2029 1458 2106 stc
1475 2029 1662 2107 secundum
1676 2034 1808 2132 gratio·

459 2119 533 2199 sam
548 2131 616 2201 Dei
627 2130 932 2217 constitutionem,
958 2131 1150 2230 Evangelio
1173 2131 1379 2211 revelatam,
1406 2125 1474 2202 fide
1491 2125 1660 2221 justificari
1686 2151 1807 2202 omnes

462 2223 654 2299 credentes.
707 2232 825 2326 Atque
843 2226 916 2305 haec
932 2231 1081 2327 genuina
1096 2224 1255 2302 Ecclefiae
1271 2224 1482 2300 Reformatae
1493 2223 1658 2301 sententia
1674 2223 1731 2309 est,
1742 2224 1824 2298 ali--

462 2317 503 2393 bi
518 2322 690 2418 prolixius
707 2349 726 2397 a
746 2350 802 2398 me
821 2323 948 2401 alierta.

561 2422 628 2493 Xl.
655 2427 758 2497 Nunc
770 2425 895 2517 paci&
916 2419 1110 2497 concordiae
1124 2418 1285 2502 litemus,
1312 2415 1495 2519 postquam
1506 2415 1739 2496 consuluimus
1749 2443 1861 2527 vem·
1873 2462 1982 2522 SM,

459 2515 568 2591 titati.
595 2522 707 2615 Aqua
724 2543 795 2592 non
813 2543 934 2593 omnes
950 2542 1010 2591 eos
1029 2517 1151 2614 procul
1164 2515 1227 2592 hac
1243 2516 1280 2590 in
1298 2512 1404 2592 mulla
1423 2517 1579 2594 recedere
1589 2520 1652 2616 qui
1665 2540 1851 2610 caterua,
1865 2539 1907 2603 n,
1919 2541 1967 2603 rr,

462 2614 552 2707 quin
571 2618 810 2691 Neonomorum
836 2616 978 2691 nomine
1002 2613 1213 2713 quibusdam
1230 2617 1397 2698 veniunt,
1425 2616 1477 2689 uti
1500 2616 1675 2689 Britannia
1695 2617 1806 2699 novit,

461 2709 513 2781 ita
529 2735 591 2784 nec
608 2711 733 2809 Belgio
751 2714 864 2787 nostro
880 2715 1037 2814 ignarum
1050 2707 1113 2784 elle
1124 2712 1245 2788 velint.
1294 2713 1480 2786 Enimvero
1498 2737 1568 2786 non
1579 2709 1654 2786 finit
1667 2713 1808 2797 candor,

462 2830 580 2906 neque
597 2811 767 2905 permittit
786 2812 917 2908 pietas,
945 2832 984 2885 ut
1001 2809 1205 2890 illaudatum
1228 2811 1530 2908 praetermittamus
1550 2815 1704 2883 Fratrum
1720 2834 1812 2904 quo·

462 2926 680 3002 rumcunque
702 2908 738 2979 in
757 2905 980 2983 orthodoxia
999 2903 1211 2984 consensum.
1262 2910 1339 3007 Ego
1361 2929 1450 2983 certe
1473 2931 1596 3005 magna
1612 2931 1690 2980 cum
1704 2906 1811 2978 animi

465 3004 538 3074 tnei
560 3003 737 3098 voluptate
758 3005 857 3103 legi,
894 3005 1018 3081 claram
1039 3005 1138 3078 illam
1160 3003 1420 3102 distinctamque
1441 3003 1485 3075 de
1509 2999 1741 3092 justificatione
1771 3005 1812 3077 &

465 3092 536 3196 fide
548 3096 746 3187 justificante
768 3098 988 3183 Catechefin,
1042 3124 1086 3172 ua
1107 3096 1323 3189 indefenftone
1342 3101 1489 3171 veritate
1507 3098 1812 3190 Evangelitamen·

464 3215 541 3267 tem
559 3189 654 3264 suam
673 3192 839 3289 explicuit
857 3126 1080 3270 Reverendus
1102 3196 1191 3276 Vir,
1216 3193 1343 3265 Daniel
1360 3197 1628 3265 Gutrutrrtut.
1651 3214 1731 3289 pag.
1749 3209 1806 3283 13·

464 3291 581 3378 Cujus
597 3283 763 3360 summam
782 3287 837 3362 hic
851 3313 995 3388 quoque
1010 3286 1164 3362 exhiberi
1183 3290 1221 3361 &
1238 3283 1341 3384 ipsius
1358 3287 1694 3399 Qubliciinterest.
1723 3293 1811 3360 Pro·

464 3382 584 3459 fitetur
601 3386 647 3455 ita
675 3387 770 3457 ue&
787 3385 913 3459 docete
939 3394 1076 3461 Peccata
1093 3382 1196 3458 nobis
1207 3382 1316 3459 nostra
1332 3386 1459 3458 remrtti
1472 3385 1571 3457 unice
1587 3405 1726 3484 propter
1736 3408 1812 3456 me-
1930 3471 1934 3480 1

465 3484 588 3559 rita&
614 3483 650 3569 ju
681 3482 775 3555 'tiam
803 3480 929 3557 Christi
951 3482 1053 3556 nobis
1078 3483 1296 3577 imputatam.
1347 3477 1642 3576 Fidernnqllram
1656 3505 1726 3554 non
1744 3473 1810 3553 ell'e

467 3604 547 3655 eam
563 3577 746 3669 justitiam,
773 3601 1056 3679 propterquam,
1083 3576 1249 3670 aut'cujus
1258 3580 1390 3677 gratia,
1418 3577 1707 3651 condonationem
1725 3599 1812 3651 nan·

466 3672 643 3752 ciscarnur.
694 3682 777 3751 Non
799 3678 978 3751 admittere
990 3682 1128 3759 Deum,
1157 3676 1415 3775 acceptilatione
1428 3673 1603 3773 quadam,
1629 3669 1734 3747 fidem
1754 3672 1811 3749 ul-

465 3775 583 3850 lamve
597 3773 830 3873 imperfectam
845 3774 1100 3857 obedientiam,
1125 3771 1207 3849 loco
1244 3773 1374 3848 erfestae
1396 3772 1607 3870 illiusquam
1618 3770 1678 3846 lex
1689 3771 1811 3869 exigit,

466 3872 522 3946 uti
540 3871 721 3961 justitiam,
749 3874 847 3962 cujus
864 3874 991 3945 intuitu
1009 3875 1107 3944 Deus
1127 3895 1191 3944 nos
1212 3798 1337 3969 dignos
1354 3889 1570 3968 peccatorum
1588 3867 1816 3944 condonatio·

468 3992 515 4043 ne
534 3991 593 4042 aut
610 3972 682 4041 vita
699 3990 824 4042 aeterna
840 3965 996 4050 censeat,
1024 3963 1117 4066 quast
1132 3988 1274 4066 propter
1295 3965 1471 4040 Christum
1481 3966 1515 4037 in
1533 3962 1624 4041 hunc
1641 3959 1742 4038 finem
1759 3962 1814 4039 le«

469 4088 554 4166 gem
573 4060 790 4166 abrogallet:
816 4063 878 4142 hac
906 4068 997 4138 enim
1021 4066 1153 4138 ratione
1173 4062 1312 4138 excludi
1331 4060 1455 4137 Christi
1477 4062 1599 4135 merita
1617 4082 1657 4135 ut
1674 4062 1812 4141 unicam

470 4155 616 4237 causlam
640 4164 909 4263 impetratoriam
926 4161 1127 4235 remiffionis
1151 4181 1369 4258 peccatorum
1388 4160 1521 4233 &vitre
1538 4178 1685 4234 aeternae.
1736 4163 1814 4232 Ne·
1960 4164 1965 4171 '

471 4283 544 4359 que
558 4254 686 4343 fidem,
711 4284 827 4359 neque
847 4259 955 4333 ullam
975 4259 1077 4332 aliam
1093 4281 1166 4331 rem
1184 4281 1263 4355 quae
1283 4259 1320 4330 in
1343 4253 1484 4330 homine
1502 4251 1569 4340 stt,
1596 4249 1737 4330 caullam
1758 4276 1815 4326 re·

471 4354 643 4435 missionis
663 4351 726 4434 elle
753 4386 764 4437 a
799 4358 931 4458 quippe
964 4379 1045 4456 quae
1058 4353 1229 4529 dibirit?
1245 4351 1397 4431 liberalis
1411 4353 1482 4428 Dei
1499 4353 1608 4458 gratia
1625 4347 1706 4523 stt.s
1720 4354 1814 4527 lNou

1234 4470 1260 4530 2
1699 4472 1721 4520 0
1737 4467 1817 4533 um!
