4667 5442
763 482 839 577 De
891 481 1048 579 tho
1092 478 1407 576 Tutorem.
1680 457 1787 601 679

443 639 518 719 ltaec
538 663 680 741 quoque
693 644 807 715 Taciti
823 640 928 715 verba
943 667 1019 716 mea
1034 638 1166 716 faciam.
1192 650 1242 717 lta
1251 646 1387 717 veritati
1396 640 1515 725 litabo,
1527 663 1700 741 nepotem
1712 662 1788 718 tut·

444 740 540 813 bem.
556 748 606 811 lta
615 764 735 837 pacem
745 739 868 820 colam,
880 762 918 811 ut
929 741 1026 812 nullo
1037 762 1148 811 tamen
1159 765 1235 811 eam
1246 742 1396 815 veritatis
1408 736 1586 837 dispendio
1596 742 1787 816 redemtam

442 837 561 910 velim.
588 841 639 909 Ac
650 832 709 907 nist
722 861 789 917 me,
803 836 901 932 quod
912 862 953 908 ne
963 861 1115 933 unquam
1125 835 1209 908 mihi
1221 840 1366 920 eveniat,
1380 861 1423 909 ex
1435 838 1511 908 imis
1520 838 1717 934 praecordiis
1725 837 1788 908 de·

442 956 577 1043 precor,
590 934 719 1004 Divina
731 931 890 1004 destituat
901 935 1032 1030 gratia,
1062 931 1142 1004 faxo
1154 958 1193 1004 ut
1213 933 1336 1015 vobis,
1365 930 1533 1025 Gartffimi
1542 934 1690 1028 Collega,
1715 958 1787 1007 nou

441 1029 650 1120 injucundus
661 1034 855 1114 convistor3
880 1030 994 1109 vobis,
1015 1026 1255 1125 Prasiantiffimi
1266 1032 1438 1121 flectes,
1465 1022 1534 1101 noti
1547 1028 1706 1104 seducens
1720 1031 1788 1102 du-

444 1129 518 1199 &ot
535 1123 608 1198 sim.
660 1130 703 1196 Et
721 1130 776 1196 Te
800 1126 941 1220 quidem
965 1172 976 1206 ,
1004 1120 1215 1199 celeberrime
1237 1132 1426 1200 Assoron
1452 1170 1463 1206 ,
1491 1121 1728 1198 Orthodoxias
1747 1129 1784 1200 iu

445 1218 544 1296 Frista
562 1220 670 1296 nostra
687 1228 922 1317 Propugnator
950 1226 1122 1295 Acerrime
1144 1269 1155 1304 ,
1183 1226 1243 1319 qui
1265 1225 1298 1295 in
1320 1223 1474 1298 Palaestra
1495 1218 1557 1294 hac
1579 1223 1785 1295 Academica

446 1341 626 1391 veteranus
645 1343 697 1396 es,
728 1343 790 1390 oro
811 1340 914 1415 atque
934 1316 1114 1400 obtestor,
1141 1345 1183 1391 ne
1204 1322 1338 1393 novitio
1366 1318 1449 1392 milii
1470 1341 1573 1414 atque
1590 1321 1785 1418 inexperto,

448 1416 634 1512 exemplo,
659 1438 768 1496 vote,
792 1438 878 1510 ope,
908 1409 1117 1513 consilioque
1131 1413 1228 1491 desis.
1278 1425 1317 1491 ln
1339 1414 1540 1489 vindicanda
1556 1416 1720 1497 veritate,
1748 1418 1785 1490 in

443 1512 657 1586 debellandis
676 1506 876 1593 haeresrbus,
903 1513 937 1584 in
958 1512 1230 1586 commendanda
1251 1516 1397 1611 pietate,
1419 1513 1506 1594 duc,
1525 1511 1657 1611 dirige,
1678 1513 1788 1609 praei=

412 1632 516 1680 -non
540 1608 684 1707 passibus
712 1609 853 1701 aequis,
881 1603 937 1679 sed
960 1608 1079 1705 sequar
1098 1631 1226 1684 tamen.
1278 1615 1361 1692 Tu,
1389 1633 1428 1682 ut
1444 1608 1562 1704 aquila
1578 1610 1614 1681 in
1636 1610 1786 1683 nubibus

442 1705 554 1777 altum
573 1704 699 1787 evola,
728 1704 811 1776 mihi
832 1704 961 1802 volupe
984 1709 1047 1777 erit
1063 1706 1199 1802 pullum
1215 1730 1284 1778 non
1298 1709 1441 1778 omnino
1458 1706 1662 1801 degenerem
1676 1730 1693 1776 e
1703 1730 1787 1801 pro-

442 1803 579 1898 pinquo
597 1802 768 1876 advolare.
820 1804 937 1875 Socias
954 1804 1136 1901 jungamus
1149 1801 1287 1875 dextras
1308 1830 1317 1876 :
1345 1827 1414 1874 non
1433 1801 1583 1899 pallidus
1596 1801 1697 1882 livor,
1713 1825 1785 1874 non

444 1897 520 1971 dira
540 1902 709 1997 Erynnis,
735 1924 804 1971 non
817 1894 1009 1972 malesuada
1026 1898 1236 1972 aemulorum
1246 1897 1469 1979 obtrectatio,
1497 1901 1632 1970 animos
1651 1898 1687 1971 in
1703 1902 1785 1971 Deo

443 1998 562 2069 unitos
580 1995 749 2071 distrabat.
800 2000 876 2093 Ego
894 1997 984 2069 canis
1003 1998 1071 2067 tuis
1088 2019 1207 2076 verum
1227 1999 1379 2093 pretium
1398 1986 1498 2067 suum
1522 1992 1675 2069 statuam.
1726 1998 1787 2068 ”l'u

444 2091 554 2175 mihi,
578 2095 686 2192 operi,
702 2091 799 2191 quod
815 2096 884 2183 jam
896 2092 1088 2191 aggredior,
1108 2094 1224 2166 minus
1233 2090 1341 2175 sueto,
1354 2087 1510 2190 praesrdio
1522 2084 1691 2165 &solatio
1702 2086 1790 2166 esto.

544 2195 618 2263 Vos
638 2214 773 2272 autem,
797 2188 880 2275 [atri
901 2197 974 2265 Deo
985 2191 1154 2282 Juverres,
1181 2215 1257 2263 mea
1274 2188 1633 2271 olimfuturilaetitia,
1659 2188 1791 2288 &glo-

441 2288 521 2367 ria,
547 2290 585 2362 &
602 2311 727 2361 corona
747 2288 782 2360 in
803 2289 988 2367 Domino,
1016 2286 1149 2360 dociles
1171 2312 1259 2370 vos,
1287 2292 1325 2360 &
1343 2286 1487 2358 dudiles
1505 2284 1606 2358 nobis
1625 2285 1789 2382 praebete.

444 2384 625 2482 Quicquid
644 2382 784 2466 habeo,
807 2379 936 2480 siquid
957 2380 1095 2463 habeo,
1122 2384 1225 2458 vobis
1246 2383 1290 2455 de
1311 2382 1394 2456 binc
1409 2382 1557 2456 habebo.
1609 2379 1791 2480 Quicquid
1892 2441 1898 2446 .

442 2471 599 2579 possum,
627 2482 728 2552 vobis
746 2502 882 2579 potero.
931 2479 1113 2578 Quicquid
1133 2475 1237 2563 firm,
1263 2480 1367 2551 vobis
1389 2503 1463 2553 ero.
1496 2477 1607 2553 Vobis
1631 2477 1789 2560 studebo,

446 2579 549 2650 vobis
568 2577 758 2660 laborabo,
795 2576 898 2649 vobis
921 2578 1193 2653 commentabor.
1246 2582 1321 2649 Vos
1348 2577 1384 2648 in
1403 2575 1512 2649 oculis
1535 2621 1547 2657 ,
1574 2599 1638 2649 vos
1663 2578 1698 2647 in
1717 2569 1791 2646 sinu

441 2697 574 2772 geram.
624 2680 750 2769 Neque
767 2678 925 2747 macerari
943 2698 981 2747 ac
1002 2671 1156 2748 consumi
1179 2676 1358 2753 defletio,
1383 2672 1468 2744 dum
1482 2671 1583 2744 vobis
1597 2668 1791 2744 inserviam.

443 2776 547 2845 Tunc
567 2771 709 2844 demum
728 2773 843 2845 vivere
861 2770 947 2845 mihi
966 2770 1133 2854 videbor,
1160 2767 1184 2844 fi
1203 2772 1357 2870 propitio
1383 2768 1563 2844 conatibus
1583 2768 1703 2842 nostris
1724 2791 1794 2841 nu·

444 2870 539 2942 mine
558 2866 595 2940 id
617 2862 830 2965 consequar,
857 2891 897 2941 ut
917 2893 960 2943 ex
983 2863 1162 2966 distiplina
1180 2867 1292 2942 nostra
1310 2867 1513 2948 venientes,
1539 2864 1706 2962 probatos
1724 2887 1795 2937 vos

443 2966 643 3137 pprmffius
663 2989 700 3038 ac
716 2967 966 3135 lplecoenaqibus
985 3012 1019 3133 L·
1036 2967 1182 3132 idopeos
1201 2961 1380 3136 thlessrae,
1409 2962 1538 3131 pqdps
1566 2955 1793 3075 &gloriosos
1881 3062 1888 3070 ’

426 3102 431 3119 ·
484 3085 527 3136 eo
599 3088 670 3135 am.
753 3086 1070 3136 osmoovorst
1108 3087 1226 3136 isnon
1274 3084 1383 3141 ems,
1426 3086 1443 3131 e
1513 3084 1574 3134 um
1596 3078 1708 3133 virent
1754 3081 1794 3127 e·

443 3181 535 3240 nua,
563 3159 648 3230 dum
669 3179 879 3254 oportunum
899 3161 1017 3256 gratiae
1033 3089 1172 3256 teinpus
1185 3154 1325 3256 affulget
1345 3183 1356 3227 ι
1382 3156 1468 3226 dum
1490 3081 1792 3250 Coelestissapiin·

442 3257 492 3327 tia
516 3255 600 3326 aedis
619 3251 686 3326 suae
703 3275 818 3348 portas
840 3254 982 3350 pandit,
1010 3274 1141 3327 tantam
1160 3250 1306 3326 salutem
1329 3275 1399 3324 non
1417 3249 1665 3347 negligentes,
1692 3248 1795 3320 inde·

440 3345 522 3424 fella
541 3348 750 3445 diligentia,
778 3349 914 3421 devotis
939 3350 1119 3446 precibus,
1153 3347 1327 3447 inculpata
1360 3346 1555 3447 probitate,
1583 3347 1709 3446 dignos
1727 3366 1809 3433 vos

440 3449 543 3529 Deo,
571 3446 697 3544 dignos
717 3442 905 3517 ministerio
922 3450 995 3536 ejus
1013 3443 1145 3545 fingite.

544 3549 621 3618 Hac
634 3546 782 3639 utrinque
797 3538 992 3637 agmtibnr,
1017 3548 1081 3618 imo
1097 3564 1134 3618 ut
1154 3544 1215 3618 bac
1239 3546 1386 3637 utrinque
1411 3562 1541 3641 gamm
1559 3594 1576 3625 ,
1602 3537 1683 3639 adsis
1700 3535 1789 3614 nobi

442 3643 572 3737 Spiritu
587 3661 642 3715 tuo
658 3642 754 3714 marti
775 3637 936 3736 sapientia
954 3640 1076 3717 nonar
1098 3647 1271 3738 Datorque
1289 3647 1393 3717 Deus.
1441 3642 1592 3716 ramum
1614 3637 1718 3715 oculos
1737 3659 1793 3714 no·

434 3737 549 3829 stret,
572 3758 608 3812 ut
619 3740 784 3811 videatmtt
794 3733 957 3810 mirabilia
976 3739 1054 3832 legit
1072 3757 1143 3814 tua.
1194 3742 1266 3812 Sint
1280 3736 1366 3823 casta
1378 3736 1497 3812 delicia
1513 3736 1792 3834 nnsraescrt‘ptmae

445 3856 507 3910 tua
523 3834 670 3910 tanea:
695 3860 751 3907 nec
763 3831 917 3924 solamur
935 3838 970 3909 in
993 3840 1070 3917 iis,
1105 3861 1162 3910 nec
1177 3834 1328 3929 fallantur
1348 3859 1390 3909 ex
1407 3837 1459 3910 itia
1506 3831 1668 3925 Smdaflta
1688 3833 1792 3907 noris

446 3932 688 4013 Veritatem,
712 3928 855 4008 Verbum
872 3950 962 4005 tuum
980 3929 1025 4017 eli
1042 3933 1179 4009 Veritas.
1229 3939 1353 4015 Sem,
1372 3951 1482 4010 tuere,
1499 3928 1794 4029 mplificaAtadt·

424 4061 427 4066 ¹
447 4033 545 4104 aniam
567 4030 645 4103 banc
657 4028 765 4123 glorta
784 4047 845 4101 tua
864 4028 1111 4118 consectaneum,
1157 4033 1311 4113 Invidia,
1329 4031 1426 4111 lites,
1451 4028 1637 4119 schismata,
1653 4024 1794 4114 hareses,

446 4145 595 4198 nonum
613 4125 754 4214 exsarto.
802 4126 919 4220 Vigeat
939 4129 1149 4205 orthodoxia,
1167 4124 1287 4221 floreat
1304 4130 1408 4224 pietat
1428 4179 1438 4206 ‚
1462 4123 1635 4220 benignitas
1652 4127 1697 4202 d*
1709 4120 1793 4214 fides

436 4220 505 4316 fibi
521 4240 627 4297 musto
645 4241 830 4306 comant,
849 4220 977 4318 jullitt’a
996 4227 1040 4299 ά·
1050 4222 1169 4323 paese
1196 4228 1331 4299 invicem
1345 4219 1528 4313 osculentur.
1577 4220 1791 4318 misenam

436 4323 587 4419 patriam
601 4315 736 4417 tuirifica
748 4338 805 4393 tua
820 4324 935 4394 dextra
952 4339 1003 4396 tot.
1016 4322 1106 4395 malti
1121 4339 1285 4421 erepta
1308 4319 1491 4395 malma»
1505 4342 1544 4395 ac
1554 4336 1792 4418 pacatampta·

432 4414 504 4518 aa·
538 4411 1792 4586 &damascenam-‚uminuttuwp

1682 4527 1687 4534 '
1757 4532 1797 4584 es
