4667 5442
1393 801 1512 878 De
1561 821 1944 878 nrmcacu
1991 797 2350 878 BAPTISMI
2406 821 2489 876 m
2534 795 3001 877 Imanmus.
3404 813 3557 894 499

879 943 1014 997 nos
1053 927 1414 1006 volumus.
1519 927 1612 998 At
1631 949 1810 996 mox
1853 923 2041 997 addit
2071 922 2506 997 dodtiffimus
2538 927 2820 1008 auctor,
2866 948 3025 1020 quae
3056 917 3373 1022 profecto
3404 947 3554 994 non
3582 938 3671 1002 ad
3686 939 3871 1022 Spiri..

880 1027 1242 1102 volumus.
1319 1030 1434 1104 Sic
1461 1025 1646 1100 enim
1675 1025 1937 1124 pergit:
1987 1030 2086 1098 At
2116 1051 2312 1126 neque
2339 1031 2412 1099 id
2418 1024 2505 1115 fit
2528 1039 2869 1121 perpetuo,
2899 1048 3151 1112 NEQUE
3185 1075 3209 1111 ‚
3252 1023 3310 1120 fi
3329 1043 3551 1122 perpe·
3581 1019 3933 1102 cumsanai.

876 1132 1237 1222 tnofieret‚
1289 1151 1606 1208 enorme
1655 1153 1758 1203 AD
1815 1127 2152 1204 Spmrrus
2205 1149 2809 1204 sanchcAnns
2840 1175 2864 1210 ‚
2920 1149 3307 1212 QUATENUS
3338 1151 3548 1204 'raus
3564 1101 3855 1179 ficantem

878 1251 1050 1313 EST,
1107 1252 1650 1310 οΡΕΒΑΤΙοΝΕΜ
1690 1251 2000 1304 REFERRI
2051 1253 2407 1305 DEBERET.
2512 1224 2707 1316 Qid
2734 1225 2859 1304 ni?
2911 1228 3199 1322 inquam
3224 1251 3379 1326 ege.
3482 1183 3931 1344 1552&ssssae

873 1334 1080 1418 enim,
1121 1328 1216 1404 fic
1245 1353 1466 1429 porro
1503 1326 1839 1425 disputat,
1886 1353 2002 1400 non
2043 1330 2240 1402 aliter
2251 1325 2657 1420 sanbiificat,
2706 1325 2826 1418 nest
2846 1331 3008 1426 quod
3046 1325 3287 1422 objeda
3306 1351 3439 1427 quae
3477 1330 3546 1401 in
3578 1344 3871 1422 Amyral-

876 1455 1056 1506 cruce
1079 1482 1104 1518 ‚
1139 1430 1706 1523 &resurrebiione
1751 1429 1988 1513 Christi
2005 1477 2030 1514 ‚
2060 1434 2146 1504 θ’θ’
2179 1435 2248 1504 in
2275 1435 2515 1528 coeteris
2544 1431 2873 1522 religionis
2904 1435 2965 1499 C
2964 1427 3282 1520 brillianae
3326 1432 3539 1526 parti·
3574 1423 3713 1488 dus·

873 1529 992 1605 bus
1011 1594 1028 1622 ,
1049 1535 1211 1625 sunt
1223 1554 1344 1632 pro
1359 1534 1802 1604 incitamentis
1819 1536 1902 1602 ad
1920 1531 2304 1613 Christianus
2323 1537 2603 1605 virtutes
2628 1531 3015 1626 capeffbndas
3031 1588 3052 1620 ,
3094 1555 3357 1629 quaeque
3386 1549 3551 1628 pm-

874 1641 1195 1710 dic-atione
1241 1635 1599 1727 Evangelii
1622 1631 1800 1706 nobis
1843 1629 2201 1724 offeruntur
2221 1685 2243 1720 ‚
2277 1639 2367 1709 (9·
2418 1629 2734 1708 mentibus
2774 1632 2999 1714 nostris
3048 1637 3409 1729 imprimit,
3462 1635 3551 1706 ὠ·

871 1739 1314 1826 evanescentia
1350 1761 1432 1809 ex
1463 1739 1672 1808 animo
1701 1734 2169 1826 reminiscentia
2197 1752 2495 1825 revocat,
2530 1739 2618 1810 cb*
2661 1735 2799 1806 luce
2804 1735 2928 1824 sua
2953 1741 3046 1806 ita
3070 1733 3389 1819 collustrat
3432 1731 3551 1804 de-

886 1844 1083 1938 nique
1105 1891 1128 1926 ,
1179 1857 1254 1911 ut
1273 1865 1353 1911 ex
1381 1853 1592 1908 mente
1627 1834 1716 1906 ad
1733 1831 1988 1927 affecius
2014 1837 2420 1927 descendant,
2466 1856 2664 1936 atque
2690 1839 2766 1908 in
2790 1840 2874 1909 iis
2900 1836 3213 1926 adversus
3256 1841 3552 1909 vitiuma

871 1960 1102 2015 natura
1122 1938 1388 2030 insitum
1417 1938 1818 2012 continenter
1859 1936 2206 2012 decertent.
2309 1941 2623 2034 operatio
2647 1961 2804 2010 vero
2822 1938 2933 2011 illa
2948 1941 3171 2035 potius
3200 1942 3288 2010 ad
3316 1959 3553 2014 EMEN-

890 2066 1221 2120 nannum
1275 2061 1636 2118 coRPoms
1689 2053 2373 2116 TEMPERAMENTUM
2416 2045 2751 2132 pertinen
2804 2044 2971 2137 quod
2997 2039 3149 2129 sane
3172 2042 3261 2127 fit
3298 2039 3551 2112 anione

873 2167 1013 2244 quae
1051 2149 1248 2236 magis
1284 2146 1368 2213 ad
1400 2156 1704 2212 naturam
1753 2139 2106 2232 cauffirrnm
2131 2137 2535 2232 physicarum
2566 2139 2821 2215 accedit
2850 2192 2874 2227 ,
2907 2166 3105 2241 quam
3147 2151 3368 2214 earam
3407 2162 3549 2239 quae

870 2249 1218 2336 versantur
1253 2249 1322 2316 in
1350 2237 1734 2338 objectorum
1765 2241 1878 2312 vel
1913 2240 2303 2339 impreffione
2329 2291 2357 2329 ‚
2398 2243 2516 2315 vel
2564 2243 3095 2336 repraefimtatione
3134 2245 3389 2324 morali.

1069 2442 1418 2516 XXXVI.
1471 2441 1556 2514 In
1585 2465 1732 2538 quo
1768 2435 2068 2513 discursu
2099 2439 2437 2512 nonnulla
2456 2437 2897 2538 deprehendo
2930 2469 3089 2542 quae
3106 2443 3346 2517 animo
3368 2461 3530 2511 meo
3564 2441 3841 2512 XXXVI.

868 2571 1020 2620 non
1051 2541 1442 2617 admodum
1465 2539 1912 2615 allubescunt.
2015 2541 2068 2612 Ι.
2107 2541 2178 2612 N
2185 2567 2278 2610 on
2306 2540 2455 2611 satis
2474 2542 2662 2634 justis
2696 2544 3040 2618 limitibus
3083 2543 3400 2617 dirimere
3425 2540 3530 2615 vi·
3552 2520 3730 2680 ἓΐῗῗ
3745 2541 3837 2581 r‘·

871 2645 1069 2718 detur
1093 2671 1172 2718 ea
1191 2669 1350 2741 quae
1369 2669 1406 2716 a
1431 2644 1592 2715 Deo
1613 2691 1640 2730 ,
1673 2662 1753 2714 ut
1777 2661 2040 2712 naturae
2081 2642 2410 2712 humana:
2432 2648 2711 2715 auitore
2743 2695 2767 2732 ‚
2805 2647 2869 2718 ἃ
2909 2671 3033 2744 per
3063 2667 3533 2718 communem
3656 2620 3679 2661 ¹
3707 2620 3809 2672 ω’·

870 2746 1060 2819 suam
1081 2743 1602 2844 providentiam
1616 2745 1908 2825 rectore,
1927 2737 2503 2838 proficiscuntur,
2536 2743 2624 2814 ab
2648 2746 2731 2816 iis
2764 2771 2923 2842 quae
2945 2743 3069 2845 ipfi
3097 2743 3433 2818 debentur
3457 2760 3538 2815 ut

869 2843 1314 2945 dispensatori
1342 2842 1700 2917 salutiferae
1715 2841 1971 2940 gratiae.
2087 2844 2366 2913 Etenim
2383 2841 2557 2914 illud
2574 2844 3011 2941 quodlaudat
3030 2844 3282 2921 futurae
3298 2843 3538 2918 sancti-

867 2959 1220 3037 ficationis
1269 2943 1648 3048 vpiocpuov,
1680 2951 1777 3024 illi
1807 2950 2154 3024 virtutum
2193 2951 2532 3049 igniculi,
2580 2957 2793 3054 quiin
2814 2953 3537 3056 praestantespostmo-

871 3069 1046 3142 dum
1076 3069 1364 3142 virtutes
1395 3059 1732 3154 evadunt,
1787 3089 1936 3136 non
1981 3062 2327 3160 pertinent
2364 3065 2452 3138 ad
2492 3091 2645 3140 eam
2680 3050 2967 3163 ἑυφυΐαιν
2986 3093 3151 3166 quae
3180 3093 3219 3142 a
3256 3069 3419 3142 Deo
3447 3087 3531 3143 ut

869 3191 1178 3246 creatore
1223 3164 1350 3246 est;
1384 3162 1493 3234 sed
1529 3163 1613 3236 ad
1663 3183 2044 3238 creaturam
2081 3191 2351 3236 novam
2384 3169 2445 3240 ὃ(
2488 3168 2921 3241 nobiliorem
2960 3220 2984 3256 ‚
3026 3170 3230 3263 cujus
3282 3173 3529 3246 auctor

866 3272 1148 3345 Deusin
1175 3263 1438 3344 Christo
1457 3266 1582 3354 est,
1613 3292 1697 3336 ex
1715 3264 2079 3364 proposito
2103 3269 2162 3338 &
2187 3262 2709 3368 foederegratiae.
2765 3269 2958 3341 Nam
2980 3270 3050 3341 id
3078 3297 3226 3368 quo
3257 3273 3528 3344 animus

871 3371 956 3446 ad
971 3370 1453 3470 perfectiorem
1474 3367 2090 3440 sanctificationem
2121 3366 2516 3463 disponitur
2534 3421 2557 3455 ,
2587 3396 2671 3442 ex
2694 3368 2949 3441 eodem
2968 3372 3228 3467 Spiritu
3250 3372 3360 3461 est,
3381 3371 3531 3468 qui,

869 3471 1069 3571 quod
1104 3471 1466 3543 inchoavit
1503 3466 1870 3564 opusillud
1913 3466 2185 3562 perficit
2214 3468 2283 3536 in
2305 3465 2492 3540 diem
2516 3470 2843 3544 Domini.
2945 3471 3122 3542 Non
3152 3470 3538 3570 progreffus

872 3574 1129 3662 solum,
1151 3574 1216 3644 &
1235 3567 1677 3643 continuatio
1693 3565 2250 3640 sanctificationis
2271 3619 2292 3646 ,
2327 3565 2441 3636 sed
2466 3570 2529 3639 δι
2546 3570 2861 3669 primum
2874 3570 3323 3662 ejusinitium
3343 3621 3367 3658 ,
3402 3570 3542 3670 pri·

871 3707 990 3755 ma
1018 3669 1282 3772 μελετῆ
1309 3722 1334 3761 ,
1377 3675 1606 3748 eidem
1653 3675 1938 3774 Spiritui
1970 3672 2523 3750 sanctificationis
2552 3677 2969 3777 imputanda
3017 3677 3194 3752 sunt.
3296 3683 3541 3779 Opera

868 3801 1138 3859 naturae
1167 3805 1319 3852 non
1349 3779 1506 3850 sunt
1535 3775 2010 3877 dispositiones
2028 3774 2112 3848 ad
2139 3779 2451 3877 gratiam.
2554 3782 2642 3855 Π.
2670 3780 2828 3852 Nec
2858 3779 3239 3854 illudvalde
3267 3781 3537 3879 placet,

921 3889 1068 3967 uod
1089 3915 1244 3966 eam
1257 3913 1472 3988 quam
1483 3907 1696 3964 vocat
1715 3875 1959 3986 ἑυφυΐοι
1971 3913 1996 3956 ν
2017 3889 2090 3959 in
2108 3888 2247 3960 sola
2264 3887 2396 3961 fere
2413 3893 2947 3990 temperamenti
2962 3893 3285 3991 corporis
3301 3918 3537 3968 emen-

871 3919 1154 4070 datione
1175 3993 1522 4067 collocare
1543 3989 1884 4076 videatur,
1907 4015 2132 4088 quum
2148 3989 2232 4063 ad
2247 3989 2503 4063 animae
2520 3991 2756 4067 statum
2776 3995 3130 4092 praecipue
3155 3994 3417 4068 Divina
3454 3995 3533 4067 il-

867 4099 936 4171 la
978 4093 1347 4170 efficacitas
1363 4092 1718 4191 pertineat.
1777 4091 1996 4166 Sicuti
2015 4091 2206 4164 enim
2221 4093 2589 4192 originaria
2605 4092 2946 4168 vitiositas
2960 4095 3035 4167 in
3060 4095 3289 4168 anima
3302 4093 3531 4194 potifi-

867 4194 1130 4274 fimum
1151 4195 1382 4270 sedem
1406 4190 1536 4266 fibi
1560 4192 1756 4269 suam
1775 4189 1928 4266 fixit
1945 4222 1970 4276 3
2009 4193 2106 4268 ita
2122 4195 2185 4266 δι
2199 4191 2397 4292 quod
2410 4193 2473 4265 ei
2495 4194 2892 4295 superandae
2909 4195 3317 4270 destinatum
3341 4198 3431 4271 est
3453 4197 3530 4272 in

871 4299 1180 4374 animam
1195 4295 1550 4396 praecipue
1561 4296 1716 4370 vim
1735 4293 1928 4368 suam
1945 4292 2242 4370 exserere
2251 4311 2559 4394 oportet.
2582 4296 2804 4388 Qid,
2818 4294 3061 4395 quaeso
3072 4349 3097 4388 ,
3130 4294 3353 4373 obstat
3378 4325 3532 4399 quo

871 4399 1110 4475 minus
1125 4400 1338 4500 gratia
1351 4401 1422 4472 in
1435 4395 1728 4472 eandem
1749 4391 2134 4470 infantilem
2150 4396 2449 4476 animam
2474 4396 2845 4473 efficaciter
2868 4417 3197 4498 operetur
3224 4395 3314 4474 ad
3339 4400 3534 4499 spiri-

875 4501 1140 4575 tualem
1152 4501 1404 4586 vitam,
1425 4499 1502 4571 in
1519 4525 1656 4600 qua
1675 4517 2044 4597 peccatmn
2060 4518 2385 4598 operatur
2400 4495 2484 4573 ad
2500 4499 2919 4598 spiritualem
2928 4518 3243 4576 mortem
3254 4497 3293 4576 2
3322 4502 3533 4576 Non-

873 4627 964 4677 ne
981 4597 1352 4676 absurdum
1369 4599 1486 4691 est,
1521 4597 1712 4674 idem
1729 4593 2114 4694 subjeetum
2179 4597 2326 4672 uod
2342 4601 2593 4674 mortis
2610 4625 2827 4700 capax
2844 4597 2934 4674 est
2946 4651 2973 4690 ,
3000 4627 3153 4676 non
3168 4597 3295 4676 effe
3312 4623 3531 4700 capax

873 4702 1049 4778 vitae
1065 4727 1086 4773 ι
1109 4695 1540 4802 quummors
1557 4701 1728 4776 nihil
1743 4697 1932 4775 aliud
1945 4697 2030 4773 fit
2043 4622 2349 4775 univitae
2362 4701 2666 4801 privatio
2680 4703 2755 4776 in
2770 4699 3084 4798 subjecto
3100 4701 3313 4778 habili
3326 4703 3363 4786 '3
3396 4699 3527 4776 111.

871 4803 1190 4904 Perperae
1203 4801 1412 4901 hujus
1429 4853 1462 4896 ,
1507 4804 1616 4882 uti
1630 4799 1918 4908 quidem
1940 4797 2415 4980 egoRarbitror‚
2437 4803 2983 4883 ratiocinationis
2997 4799 3219 4882 cauffa
3232 4859 3257 4894 ,
3290 4801 3531 4980 εὲὶνῷεἰ

2159 4927 2195 4979 r
2235 4928 2272 4979 r
2323 4927 2372 4988 2
3194 4909 3321 4981 Do
3396 4903 3413 4978 i
3498 4947 3531 4968 -
