4667 5442
713 472 842 577 Da·
897 474 1088 579 U'xo
1126 512 1161 576 u
1199 431 1247 574 ιχ
1293 445 1332 575 'L
1368 510 1401 577 ο
1440 510 1472 576 r
1509 477 1544 579 ιζ
1714 496 1805 607 151

468 642 535 721 osse
554 646 722 725 credatur.
772 651 970 722 Genuinam
989 646 1232 746 prohibitionis
1251 650 1418 722 rationem
1429 644 1515 720 hanc
1533 640 1626 719 fuisse
1639 644 1808 718 arbitror:

401 749 409 772 '
467 744 592 816 Voluit
613 751 709 817 Deus
727 748 811 818 Loti
833 743 1025 818 &suorum
1047 748 1200 818 animum
1219 746 1387 819 abducere
1409 744 1451 817 ab
1473 747 1566 818 omni
1590 743 1718 842 pristini
1740 741 1806 812 do·
1905 758 1908 762 ’

447 836 588 914 ἰιιιειιιι
608 844 851 939 cogitatione,
880 846 917 915 &
933 868 1073 915 monere
1092 836 1207 916 salutis
1227 842 1265 918 ac
1295 844 1376 916 vitae
1402 867 1517 917 curam
1543 843 1717 940 potiorem
1740 834 1803 909 elle

465 937 631 1010 omnibus
656 964 736 1035 quae
759 939 966 1037 reliqueram
985 940 1179 1026 Sodomae3
1215 966 1258 1013 ne
1284 940 1406 1012 talium
1431 964 1546 1012 amore
1564 963 1602 1012 ac
1620 937 1803 1034 eupiditate

463 1033 597 1104 titillati
627 1031 830 1108 beneficium
849 1038 1017 1108 Divinum
1038 1036 1275 1133 negligerent,
1307 1058 1366 1109 aut
1386 1039 1580 1110 amitterent
1601 1063 1609 1107 ε
1645 1027 1739 1131 quast
1759 1056 1802 1103 eo
1821 1050 1826 1067 ¹

461 1128 576 1201 redire
588 1129 768 1212 volentes,
799 1132 889 1204 unde
911 1156 1007 1205 tanto
1024 1136 1131 1228 erepti
1149 1157 1242 1206 erant
1254 1134 1430 1232 prodigio.
1479 1132 1667 1203 Amoenitas
1685 1155 1721 1203 ae
1735 1128 1803 1204 fer·
1823 1159 1826 1166 ·

463 1225 572 1297 tilitas
591 1233 712 1299 trastus
724 1224 1014 1310 istius-effecerat,
1042 1252 1100 1309 ut,
1116 1234 1364 1327 nequicquam
1384 1227 1593 1318 obstantibus
1611 1226 1800 1299 incolarum

459 1315 664 1405 sceleribus,
691 1325 867 1397 diuturnas
885 1325 933 1396 ibi
955 1350 1068 1397 moras
1081 1330 1193 1397 Lotus
1207 1327 1376 1399 nexuerit.
1427 1318 1576 1397 Tamerfi
1600 1345 1716 1393 autern
1735 1326 1801 1392 So·

460 1416 576 1491 domae
598 1418 754 1492 habitans
772 1447 830 1494 cor
852 1420 949 1492 suum
972 1419 1130 1518 quotidie
1149 1424 1411 1505 excruciaverit,
1439 1417 1507 1492 fieri
1522 1443 1637 1491 tamen
1656 1420 1716 1490 vix
1734 1441 1800 1513 po·

459 1516 551 1596 tuit,
579 1518 664 1612 quin
683 1542 727 1588 ex
742 1517 913 1613 profunda
927 1513 1090 1591 scelerum
1100 1519 1251 1591 colluvie
1267 1514 1419 1590 sordium
1430 1515 1563 1614 aliquid
1572 1515 1796 1588 contraxerit:

457 1608 531 1682 hoc
545 1605 664 1684 saltem
684 1659 695 1693 ,
724 1634 762 1683 ut
786 1611 846 1684 ista
866 1612 1040 1684 bonorum
1063 1615 1100 1684 &
1119 1614 1385 1687 commodorum
1400 1613 1505 1704 'hujus
1524 1608 1824 1706 seculinubertate·

457 1708 548 1778 ultra
568 1733 672 1803 quarn
693 1734 754 1806 par
776 1708 822 1781 est
840 1709 1072 1781 delectaretur.
1125 1718 1227 1785 Nunc
1244 1712 1362 1807 itaque
1379 1712 1567 1782 aDomino
1584 1706 1818 1810 purgandus„'
1913 1736 1917 1742 ·

458 1804 592 1876 deliciis
611 1808 790 1901 privatur,
817 1807 852 1876 in
877 1808 1004 1902 quibus
1020 1800 1082 1878 irbi
1098 1809 1246 1879 nimium
1267 1808 1458 1903 placuerat,
1482 1805 1688 1900 jubeturque
1709 1802 1797 1876 adeo
1817 1802 1820 1809 ’
1856 1861 1868 1868 ,

456 1925 528 1971 non
541 1903 669 1972 invitus
695 1902 736 1972 iis
757 1927 891 1981 carere,
917 1923 957 1972 ut
974 1895 1025 1973 ιιέ
1036 1903 1159 1992 oculos
1176 1902 1320 2002 quidem
1330 1903 1546 1975 retrofleetat.
1594 1898 1673 1998 Ipso
1687 1900 1798 1998 ,igitur

457 1999 611 2092 corporis
641 2019 740 2068 motu
759 1994 941 2095 significare
967 2024 1031 2070 eos
1059 2005 1159 2071 Deos
1184 1999 1327 2081 voluit,
1363 1993 1554 2071 scaffeuus
1572 1996 1651 2070 suos
1673 2021 1814 2080 omnes<
1891 1991 1896 2000 ’

454 2095 502 2162 ita
521 2089 705 2190 subegisse,
730 2095 786 2165 vel
804 2090 925 2167 saltem
951 2094 1042 2166 velle
1063 2091 1241 2195 subigere,
1274 2117 1314 2186 ut
1334 2096 1376 2167 de
1400 2096 1534 2176 domo,
1562 2091 1793 2190 supellestile,

452 2191 615 2260 armentis
640 2238 652 2272 ,
677 2186 886 2289 'caeterisque
911 2186 1170 2289 possessionibus
1194 2193 1352 2276 relidis,
1388 2188 1528 2267 solliciti
1552 2190 1700 2288 amplius
1724 2212 1799 2262 non
1906 2242 1908 2247 -
1959 2189 1961 2194 ’

453 2278 572 2357 essent.
1341 2287 1343 2291 ⁴
1788 2341 1791 2346 -

552 2387 643 2456 Vlll.
667 2388 786 2481 Spreta
800 2406 872 2458 tarn
884 2380 1000 2460 diserti
1018 2386 1187 2460 interdiei
1204 2386 1372 2485 religione
1389 2410 1478 2459 uxor
1486 2387 1570 2458 Loti
1584 2430 1595 2466 ,
1623 2382 1708 2454 dum
1719 2404 1881 2479 ma-vflp
1894 2408 1971 2469 Mn·

449 2479 536 2551 ritus
555 2477 884 2577 strenuepergebat,
913 2484 1248 2574 oculosretroflexit.
1299 2483 1416 2556 Multa
1440 2482 1604 2573 equidem
1624 2482 1659 2553 in
1676 2486 1930 2581 patro-nullan}
1986 2541 1991 2549 .

451 2571 579 2645 einium
599 2574 700 2667 hujus
724 2578 797 2648 facti
813 2581 1002 2676 excogitari
1017 2576 1149 2677 possent
1168 2628 1179 2664 ,
1208 2580 1363 2677 quibus,
1392 2576 1416 2650 st
1433 2606 1504 2652 non
1518 2574 1655 2677 prorsus
1674 2558 1952 2679 extol-1⁹²³&

448 2693 573 2767 petur,
603 2696 725 2771 magna
759 2696 872 2745 tamen
892 2678 1042 2748 criminis
1072 2678 1207 2749 diritate
1235 2674 1425 2750 excusetur.
1475 2683 1570 2749 Nam
1592 2678 1628 2748 &
1651 2641 1930 2773 foeminass'jzs‘ffjss,

450 2790 540 2849 erat,
567 2772 663 2857 cujus
681 2767 781 2843 sexus
797 2769 1027 2844 imbecillitati
1041 2772 1083 2844 ab
1102 2770 1179 2871 ipsis
1200 2777 1304 2846 etiam
1324 2772 1524 2845 hominibus
1543 2771 1693 2844 multum
1704 2796 1788 2841 con-
1797 2797 1876 2866 quam
1897 2788 1964 2846 alla·

449 2864 570 2936 donari
592 2864 678 2939 solet
701 2895 712 2953 3
737 2870 775 2940 &
794 2890 848 2941 tot
867 2894 941 2941 cara
957 2871 991 2940 in
1006 2871 1089 2941 urbe
1111 2871 1297 2967 reliquerat
1315 2897 1325 2956 3
1352 2869 1436 2940 urbe
1456 2866 1480 2941 fi
1497 2895 1568 2942 non
1597 2869 1727 2966 patrib,
1755 2871 1858 2944 agari
1873 2864 1933 2945 pos-

446 2956 567 3032 saltem
586 2990 665 3061 quae
678 2968 795 3062 patriae
806 2968 922 3050 =vicem
942 2961 1001 3038 sibi
1019 2968 1341 3063 totiquefamiliaea
1355 2966 1479 3042 multis¹¹
1488 2989 1579 3047 retro
1591 2967 1687 3038 annis
1700 2946 1868 3132 prae-sum·

430 3054 587 3133 alitent.
630 3067 766 3135 =Nonne
786 3088 805 3134 a
824 3083 942 3136 natura
969 3065 1016 3134 ira
1036 3064 1111 3136 iasii
1130 3061 1247 3136 sumus
1271 3089 1417 3145 omnes,
1451 3088 1492 3136 ut
1517 3087 1632 3137 rerunt
1653 3079 1700 3160 p'u
1716 3086 1790 3133 era-

444 3179 524 3227 tum
552 3181 589 3228 ac
610 3159 859 3246 jucundarum,
895 3160 1025 3256 quibus
1043 3157 1112 3234 suae
1134 3162 1298 3234 bonitatis
1316 3163 1504 3258 imaginem
1525 3159 1698 3257 quandam
1720 3160 1789 3228 im'·

441 3250 697 3350 preffitDeus,
726 3280 946 3354 quarumque
960 3252 1059 3327 usum
1079 3257 1231 3329 humano
1250 3261 1365 3353 generi
1377 3253 1540 3328 immensa
1551 3256 1715 3337 Numinis
1726 3256 1788 3323 be-

440 3349 594 3443 nignitas
615 3349 799 3449 gratificata
820 3351 896 3434 est,
923 3377 1039 3424 amore
1060 3380 1100 3425 ac
1118 3350 1283 3426 desiderio
1312 3352 1511 3426 teneamur}
1538 3353 1626 3439 Quis
1646 3352 1688 3422 ab
1714 3352 1788 3420 ani-

442 3471 505 3516 mo
516 3444 697 3542 impetrare
718 3448 779 3521 suo
789 3447 922 3547 potest,
949 3471 988 3520 ut
999 3443 1150 3549 antiquae
1162 3447 1420 3523 consuetudinis
1431 3451 1635 3522 memoriam
1645 3471 1788 3517 omnem

443 3565 515 3613 uno
537 3543 647 3616 veluti
669 3547 739 3618 istu
754 3574 773 3619 a
790 3544 830 3627 se⁴
845 3545 1047 3619 removeat{
1073 3551 1162 3635 Quis
1179 3549 1372 3620 vicinorum
1395 3549 1616 3619 &notorum
1639 3546 1791 3617 commi·

440 3632 667 3723 serationem,
695 3646 775 3740 quis
797 3640 1022 3718 curiositatem
1043 3642 1271 3743 cognoscendi
1289 3670 1342 3716 res
1366 3668 1425 3715 eas
1441 3641 1644 3725 mirabiles,
1671 3666 1708 3719 ac
1731 3643 1788 3712 in·

441 3734 624 3811 credibiles
646 3742 924 3839 propemodum,
954 3766 1033 3837 quae¹
1051 3766 1134 3817 tunc
1160 3742 1368 3841 agebantur,
1396 3741 1481 3814 truci
1502 3736 1669 3811 sententia
1686 3738 1787 3811 dam-

439 3830 527 3904 net}
553 3836 642 3923 Quis
661 3836 811 3936 denique
831 3886 840 3921 ,
870 3836 929 3910 nist
956 3840 1053 3933 supra
1072 3840 1232 3911 humanae
1244 3836 1491 3910 imbecillitatis
1503 3833 1628 3910 sortem
1639 3831 1780 3934 pofitus,

434 3929 485 4002 ita
502 3924 788 4008 affectuscunetos
804 3938 840 4006 in
861 3960 964 4008 manu
980 3934 1190 4016 suahabeat,
1216 3957 1260 4006 ut
1272 3958 1343 4005 non
1353 3933 1532 4008 tantillum
1544 3929 1664 4007 saltem
1674 3958 1789 4039 quan-

437 4047 515 4096 tum
539 4032 623 4101 Loti
636 4056 745 4114 uxor,
773 4027 835 4104 sibi
855 4057 1000 4129 quoque
1019 4031 1242 4131 indulgeret}

536 4129 603 4198 lx.
633 4131 717 4201 llaec
735 4125 812 4200 sane
832 4175 842 4209 ,
870 4132 906 4200 ὃ(
925 4153 1004 4226 quae
1018 4127 1129 4200 multa
1144 4129 1213 4199 dici
1233 4122 1365 4228 pollent
1383 4128 1437 4202 his
1449 4125 1596 4211 similia,
1624 4152 1694 4201 non
1710 4099 1963 4251 im--Iffl'gff‘

437 4217 548 4314 probe
568 4222 784 4306 dicerentur,
812 4222 836 4297 st
856 4221 1100 4302 dccxcusanda
1119 4227 1441 4325 quomodocunque
1456 4224 1600 4323 persona
1611 4247 1778 4323 ageretur.
1788 4215 1901 4329 {2222}

433 4320 523 4386 Non
535 4320 628 4392 enim
639 4320 808 4394 laudanda
821 4347 940 4394 eorum
957 4317 1115 4395 severitas
1129 4318 1186 4403 est,
1203 4324 1264 4418 qui
1274 4324 1446 4417 praefracta
1460 4321 1642 4420 impetuosi
1652 4320 1883 4426 sermo-qum
1894 4308 1959 4404 sat·

432 4410 492 4485 nis
512 4410 636 4494 dutitie
655 4420 695 4495 in
712 4418 836 4495 obvios
855 4415 1011 4527 quosque
1024 4420 1214 4506 detonant,
1239 4421 1490 4521 quos'peccato
1511 4421 1617 4497 alicui
1640 4430 1821 4589 cernulqtde
1838 4425 1962 4483 crimino·
2058 4483 2061 4488 .

434 4553 439 4569 ν
1060 4542 1062 4546 ·
1491 4531 1505 4560 ”
1662 4537 1735 4611 imp
1765 4558 1786 4573 ·
1825 4559 1826 4564 ι
