4667 5442
480 417 493 457 χ
622 475 704 582 De.
735 482 944 583 Eune·
968 460 1292 580 In'Arrrrrc.
1328 476 1554 581 Parioro.
1682 497 1779 612 353
1824 511 1856 620 f

435 670 608 731 narratur,
635 647 790 722 'Ilionam
809 647 1034 745 Apostolumin
1055 652 1162 723 Indiae
1179 642 1325 730 venisse,
1353 671 1456 747 atque
1470 650 1540 723 illic
1553 670 1661 722 annos
1679 673 1781 721 conr·
1898 680 1902 687 ·

437 747 554 845 plures
575 742 743 819 versatum
761 739 824 816 else
836 776 855 827 ¹¹‚
882 749 968 843 quin
991 748 1029 818 δι
1046 747 1124 817 inde
1142 744 1188 817 ad
1208 749 1299 820 Sinas
1315 744 1423 843 usque
1436 740 1648 843 proeellille,
1675 747 1712 819 &
1732 766 1778 820 ex

438 844 530 916 Sinis
549 842 655 914 Indos
676 836 755 913 suos
791 841 907 914 denuo
926 836 1091 923 invisrss'e‚
1119 846 1156 916 &
1186 844 1279 940 apud
1304 867 1363 913 eos
1420 843 1565 916 ostremo
1598 864 1801 918 mortuum·
1864 873 1866 878 ¹

438 933 681 1035 sepultumque
698 932 792 1010 fuisse
805 983 818 1018 ‚
839 937 875 1008 id
888 987 899 1020 ‚
924 940 1067 1035 inquam
1079 961 1218 1020 totum,
1246 963 1317 1011 non
1330 868 1439 1011 modo
1459 939 1603 1010 dubium
1616 940 1653 1010 &
1667 940 1782 1013 incer*

438 1054 538 1117 tum,
566 1030 626 1106 sed
654 1037 691 1106 &
709 1033 798 1106 clare
820 1032 1028 1131 liquidoque
1049 1031 1169 1107 salsum
1190 1029 1265 1107 elle.
1316 1041 1444 1131 Neque
1470 1030 1547 1107 sane
1564 1055 1692 1108 tenrere
1708 1030 1777 1109 hoe

439 1125 627 1203 asseverasse
655 1130 805 1202 videtur.
857 1136 1041 1229 Repugnat
1070 1133 1162 1203 eninr
1176 1132 1287 1227 prima
1305 1130 1602 1204 vetustiffimorum
1615 1126 1780 1202 Christia-

438 1250 565 1299 uorum
586 1228 746 1307 traditio,
776 1224 881 1299 altera
901 1229 944 1298 de
963 1231 1074 1309 Inda,
1098 1228 1202 1299 altera
1220 1228 1263 1298 de
1283 1226 1406 1301 llroma
1430 1222 1517 1324 ipso.
1567 1220 1780 1302 Secundi'se·

440 1321 513 1395 culi
533 1321 715 1395 Christiani
735 1322 831 1395 lndis
848 1322 991 1420 quidem
1010 1323 1233 1420 praedicatum
1241 1322 1468 1490 Evanpelium
1479 1344 1703 1421 agnoverunt,
1718 1347 1782 1394 ve·

438 1442 517 1493 rum
541 1419 781 1499 Bartholmi,
803 1443 874 1490 non
897 1418 1025 1493 rum
1037 1445 1108 1492 ore.
1161 1420 1271 1510 Cujus
1293 1421 1327 1490 in
1354 1421 1458 1491 icium
1479 1419 1578 1492 fuerit
1587 1417 1650 1492 islo
1660 1413 1781 1493 seculo

439 1514 585 1611 dignum
607 1562 619 1596 ,
645 1514 872 1613 Evangelium
894 1514 1052 1588 Hebraeis
1070 1514 1179 1589 literis
1199 1541 1218 1589 a
1240 1512 1409 1587 Matthaeo
1429 1511 1656 1612 conscriptum
1679 1560 1693 1597 ‚
1718 1522 1780 1590 Iu·

439 1610 566 1706 disque
584 1636 604 1681 a
626 1608 883 1683 Bartholomaeo
905 1610 1084 1692 telinum,
1112 1614 1149 1684 ὃ(
1170 1609 1214 1681 ad
1235 1615 1376 1683 Pantani
1396 1635 1530 1684 aetatern
1550 1608 1778 1685 adservatum.

438 1710 497 1779 De
510 1704 649 1777 Thoma
665 1729 781 1781 autem
799 1710 938 1803 antiqua
959 1708 1050 1804 apud
1068 1712 1230 1800 origenem
1240 1707 1381 1779 traditio
1398 1706 1572 1805 perhibet,
1597 1732 1678 1779 eum
1690 1733 1781 1806 prae·

439 1803 623 1878 dicationis
645 1798 713 1875 suae
730 1804 942 1899 provinciam
954 1803 1126 1878 Parthiam
1146 1798 1354 1884 obtinuille,
1384 1804 1476 1901 apud
1496 1799 1607 1891 Errseb.
1628 1801 1684 1890 lib,
1698 1826 1779 1881 111.

436 1918 509 1996 cap.
526 1922 556 1975 ι.
598 1899 752 1988 Quod&
762 1899 928 1973 clementii
938 1898 1211 1996 &cognitionibus
1223 1895 1439 1973 confirmatur
1448 1899 1505 1976 lib.
1521 1924 1579 1973 rx.
1588 1918 1654 1995 cap.
1666 1924 1779 1979 rrrrrx.

439 1995 502 2067 ubi
521 2004 640 2070 Petrus
653 1994 830 2068 Thomam
841 1997 957 2070 literas
969 2023 1039 2071 non
1061 2024 1106 2071 ex
1118 2000 1237 2079 India,
1259 1992 1317 2071 sed
1338 2021 1383 2072 ex
1392 1995 1553 2080 Parthia,
1577 1993 1665 2077 adse
1676 1992 1783 2094 scrip·

439 2086 509 2165 fisse
530 2115 711 2167 memorat.
762 2097 932 2193 Denique,
955 2096 1098 2192 inquit,
1122 2098 1207 2190 apud
1227 2093 1390 2178 Parthos,
1411 2091 1492 2184 ficut
1516 2089 1603 2166 nobr'r
1624 2092 1781 2177 Tlromu,

438 2193 495 2287 qui
517 2194 601 2287 apud
617 2191 906 2285 rllosEvaeugelium
921 2196 1093 2289 predicar,
1112 2188 1254 2287 scripfir,
1270 2193 1337 2265 διε.
1388 2191 1480 2264 Vide
1491 2188 1643 2263 Cotelerii
1658 2211 1779 2263 notas:

438 2287 568 2455 prpbus
578 2286 715 2359 abunde
734 2287 933 2456 doppbpiris,
959 2310 1172 2456 qupntopere
1184 2287 1242 2455 hilel
1250 2310 1404 2360 veterum
1414 2287 1616 2458 pardircilpnes
1629 2288 1779 2363 varient:
1808 2313 1810 2318 ·
1862 2323 1882 2332 ’-

502 2409 592 2457 omae
610 2408 724 2456 veroa
751 2408 772 2455 u
829 2411 849 2455 n
877 2410 916 2457 os
959 2412 1003 2457 rae
1030 2409 1150 2458 reantrs
1168 2409 1214 2455 nu
1244 2410 1299 2455 arn
1319 2405 1396 2456 ante
1457 2408 1511 2455 anr
1556 2405 1626 2456 aeos
1640 2405 1781 2459 exortos

439 2480 477 2552 in
496 2410 767 2553 Christianoruln
784 2480 881 2553 libris
901 2411 1112 2554 mintionem
1132 2475 1196 2553 else
1222 2474 1332 2553 asserit
1361 2481 1520 2556 Danaus,
1555 2482 1609 2554 eui
1630 2476 1782 2553 sicredi·

437 2601 541 2659 mus,
566 2578 700 2674 primus
716 2578 794 2654 vani
817 2578 965 2649 rumoris
984 2581 1126 2659 anaor,
1152 2577 1286 2652 rhama
1308 2579 1451 2674 quidam
1475 2623 1490 2659 ‚
1523 2579 1663 2649 Manena
1679 2571 1783 2649 disci·-

436 2671 565 2770 pulus,
591 2673 681 2746 foret
700 2702 709 2746 ε
738 2699 844 2771 quem
863 2676 900 2747 δι
919 2675 1051 2768 cyrillae
1062 2674 1363 2771 fflnosolymitanur
1380 2674 1557 2773 Evangelii
1579 2673 1783 2771 Apoeryphi

436 2768 625 2846 secundum
657 2768 833 2841 Thomarn
859 2774 1030 2842 aurorem
1061 2766 1124 2842 elle
1153 2768 1283 2844 scribit.
1335 2775 1425 2859 Quae
1451 2795 1534 2843 vero
1559 2769 1602 2842 de
1625 2767 1783 2867 sepulcro

439 2866 596 2949 Thomae
613 2868 795 2964 Maliapore
812 2869 905 2963 apud
917 2866 1103 2941 Matabares
1120 2889 1296 2942 narrantur
1305 2915 1316 2949 ,
1342 2861 1508 2966 aJesuitis
1525 2864 1781 2962 avidearrepta‚

438 2988 480 3039 ea
496 2988 567 3064 non
588 2964 702 3036 minus
722 2965 873 3061 antiquae
894 2954 1025 3037 dissona
1035 2964 1213 3038 traditioni
1232 2961 1322 3038 sunt.
1372 2968 1458 3038 Haec
1471 2967 1563 3035 enim
1574 2963 1663 3051 vult,
1680 2962 1783 3035 Tho·'

437 3085 507 3136 rnae
528 3084 650 3156 corpus
672 3057 833 3151 Edessam,
858 3086 902 3134 ex
919 3061 1009 3133 loco·
1025 3088 1098 3158 quo
1151 3064 1279 3134 rimum
1302 3083 1371 3139 erar
1390 3058 1598 3141 conditum,
1622 3060 1693 3149 -janr
1710 3060 1784 3156 pri·

436 3158 520 3246 dem
539 3152 632 3230 fuisse
654 3157 873 3229 translatum.
898 3154 1016 3247 Ruffirr.
1030 3157 1112 3239 His.
1139 3162 1145 3174 '
1165 3181 1241 3230 ,ri
1253 3174 1324 3250 cap.
1338 3181 1375 3227 v.
1424 3157 1646 3228 Recenriores
1666 3177 1785 3227 autenr

436 3249 556 3330 ludica
575 3253 677 3325 nobis
698 3248 764 3323 fide
782 3273 939 3333 narrant,
967 3252 1058 3323 idem
1082 3252 1232 3323 Thomae
1252 3276 1380 3347 corpus
1396 3249 1578 3343 Malinpore
1597 3248 1782 3345 sepultum,
1869 3313 1872 3318 .

435 3350 482 3426 ad
504 3349 628 3420 ultima
641 3347 714 3420 haec
734 3371 889 3445 tempora
916 3347 1040 3418 eodem
1065 3345 1144 3419 loco
1163 3341 1339 3427 manslsle‚
1367 3341 1537 3443 superiori
1556 3370 1640 3417 vero
1666 3341 1784 3416 seculo
1904 3383 1915 3405 κ

434 3448 599 3546 ⁸yohanm'a
615 3437 795 3516 Lufitaniae
819 3445 926 3541 Regis
943 3437 1028 3532 jussu
1047 3439 1242 3523 refossum,
1267 3442 1346 3514 inde
1365 3441 1482 3538 postea
1504 3448 1608 3552 §uam
1629 3467 1649 3513 a
1667 3447 1785 3514 Fratre

436 3534 933 3719 retendens?
946 3540 1198 3710 nullut
1214 3534 1786 3732 &annullarentur

435 3734 526 3812 hanc
544 3730 731 3818 miseram
755 3734 857 3806 unius
876 3734 1028 3831 corporis
1052 3754 1162 3829 partes
1189 3735 1223 3804 in
1250 3727 1382 3804 diversa
1404 3731 1482 3803 lota
1508 3725 1602 3804 fuisse
1621 3732 1786 3807 dillribu·
1842 3775 1861 3792 ·-

436 3853 522 3916 tae,
551 3832 712 3929 quamvis
734 3829 777 3902 de
795 3856 937 3928 corpore
960 3831 1095 3927 integro
1112 3828 1260 3928 gloriata
1274 3826 1402 3902 suerint
1420 3824 1564 3999 finpula.
1933 3899 1937 3908 ,

536 3931 690 4001 XXVII.
719 3926 788 3999 Sed
806 3929 842 3999 δι
862 3927 953 3999 illud
969 3927 1123 4023 apprime
1141 3947 1264 3998 notatu
1281 3924 1459 4021 dignume
1509 3971 1524 4007 ‚
1612 3924 1660 3998 od
1676 3920 1913 4018 soler-mn,

437 4047 494 4101 ter
511 4017 704 4096 observavit
729 4022 825 4094 idern
847 4023 986 4098 Danaus
1004 4020 1150 4104 noller,
1175 4014 1306 4095 fortalle
1325 4041 1433 4094 totam
1452 4021 1551 4094 illam
1594 4049 1612 4093 e
1631 4027 1665 4093 T
1666 4020 1781 4097 honrae
1789 4030 1848 4090 Cui
1864 4028 1949 4103 origi·
1980 4075 1988 4083 .

428 4117 600 4220 ‘Apostoli
624 4118 717 4217 apud
737 4118 845 4191 Indos
868 4119 1110 4216 praedicatione
1135 4163 1146 4201 ,
1173 4118 1364 4215 martyrio,
1388 4112 1586 4214 sepultura,
1613 4118 1846 4238 fabularmffl'
1861 4106 1936 4164 dere

438 4244 487 4293 ex
501 4216 639 4290 alterius
659 4209 833 4306 cujusdam
853 4214 1035 4314 multoque
1053 4215 1252 4287 recentioris
1269 4211 1392 4287 lliome
1410 4212 1548 4287 historia
1569 4238 1678 4289 ortam
1703 4214 1778 4291 else.
1788 4199 1901 4313 mx,

438 4313 600 4389 Tradunt
624 4332 754 4392 omnen¹
769 4334 897 4409 magno
920 4306 1081 4384 consensu
1098 4312 1216 4389 Latini
1235 4334 1348 4384 rerum
1369 4310 1560 4385 Indicarum
1587 4307 1779 4409 scriptores,
1788 4337 1873 4389 mum
1887 4350 1965 4402 η..

437 4403 758 4597 mfflls'
774 4432 891 4511 nuum
901 4402 1559 4610 toprmEpiscoporYunpmaeerdotum
1567 4432 1700 4512 genus,
1724 4406 1911 4581 pam&
1942 4463 1958 4490 .·.
