4667 5442
651 413 751 617 rga
899 419 1611 579 exarcit-rino
1671 483 1783 618 XV.

472 677 515 754 fu
531 669 636 752 Jolaa·
656 653 793 728 lentius.
819 646 1059 748 ”Exspesiavit
1081 669 1196 721 autem
1219 649 1327 726 donec
1340 643 1492 724 abiissent
1502 648 1659 751 discipuli
1673 653 1767 743 ejus,
1794 653 2003 747 neexcomh'

474 768 644 894 affigo
654 755 753 864 pasin
763 773 868 861 ogere
879 748 1073 916 ‘'icil-misr
1087 748 1172 915 ,sde
1185 767 1223 912 ls
1237 747 1356 917 procop
1370 744 1451 915 ellelg
1459 744 1479 819 s
1471 751 1583 846 peries
1593 744 1814 919 adprlatipfflzss
1820 752 1919 861 psat.
1930 772 1994 917 pn:

1466 857 1470 866 ¹
1507 860 1518 891 b

474 897 627 1054 31:th
653 854 916 1041 sinllspbgslisbri
930 865 1096 1050 {gislegsc
1113 866 1335 1015 lbiblilllnea
1352 866 1536 1038 ,tbbilrbn
1555 850 1655 1015 (tibio
1668 846 2000 1040 ιξίιαιέιεῐοῑῑῃιιιῗιξςῑιῗ

476 1072 564 1117 orme.
654 1065 697 1113 eo
710 1036 897 1113 cucurristis
914 1034 1039 1110 lludro.
1091 1040 1167 1109 Nec
1185 1035 1348 1112 credibile
1365 1036 1431 1118 est,
1460 1063 1524 1111 vos
1541 1032 1675 1113 coivisse
1692 1058 1732 1109 ut
1747 1037 1999 1111 amndinesvi·

653 1139 778 1212 detetis
791 1156 895 1208 vento
910 1124 1103 1229 quassatas,
1132 1131 1252 1229 quales
1269 1130 1398 1207 deserta
1420 1133 1518 1206 facile
1544 1133 1646 1213 tellus
1665 1133 1739 1207 alit.
1791 1129 2002 1222 Quaesivislie

503 1250 514 1259 “
652 1233 855 1314 hominem,
883 1229 1004 1301 auditu
1016 1221 1159 1323 visuque
1177 1228 1333 1328 dignum.
1386 1236 1434 1303 At
1451 1230 1592 1327 qualem
1601 1227 1811 1303 hominem?
1836 1235 1893 1303 An
1909 1254 2000 1328 opu-

526 1422 532 1431 ·
651 1332 787 1407 lentum
803 1327 961 1425 'aliquem
978 1370 990 1405 ‚
1024 1319 1228 1407 fastuosum,
1257 1325 1424 1401 mollibus
1442 1353 1480 1402 ac
1508 1324 1620 1401 sericis
1640 1328 1802 1400 amioum
1822 1322 1997 1401 vestibus!

651 1435 737 1503 Non
755 1422 843 1499 sane.
893 1430 925 1495 la
938 1422 1034 1494 enlm
1053 1442 1123 1493 non
1143 1423 1180 1493 in
1206 1423 1345 1495 incultis
1366 1423 1438 1496 illis
1457 1423 1565 1506 locis,
1593 1419 1707 1496 sedin
1731 1447 1767 1495 re
1880 1424 2000 1521 potius

650 1526 916 1623 principumque
932 1516 1019 1598 aulis
1038 1515 1243 1614 quaerendus
1257 1519 1376 1594 suerat.
1426 1526 1501 1595 Nec
1514 1518 1562 1591 est
1580 1520 1768 1616 quodamp
1784 1522 1839 1592 ius
1853 1542 1996 1617 rogem:

653 1618 781 1694 exiistis
802 1640 889 1691 certe
907 1610 1113 1711 Prophetam
1125 1609 1241 1689 visuri.
1278 1618 1436 1713 Optime.
1472 1617 1570 1689 Talis
1597 1614 1645 1709 est
1663 1612 1862 1715 Johannese
1890 1635 1925 1690 at
1945 1617 1998 1687 vi·

594 1780 601 1788 ,
650 1718 733 1789 dere
756 1738 824 1787 non
846 1708 991 1792 sufficit,
1025 1712 1062 1782 &
1089 1708 1222 1806 stupere
1242 1711 1287 1783 ad
1305 1709 1484 1785 insolitum
1502 1714 1676 1788 amictum.
1729 1711 1861 1784 Audire
1889 1735 1995 1809 opor·

652 1816 743 1893 tuit,
762 1813 799 1883 dc
815 1808 1006 1887 attendere,
1028 1809 1064 1877 &
1080 1803 1242 1903 prolicere
1256 1825 1299 1879 e'x
1317 1802 1420 1903 ipsrus
1437 1806 1669 1890 institutione,
1698 1813 1735 1881 dc
1756 1810 1996 1904 poenitentiam

652 1932 779 2007 agere,
808 1898 1037 2002 &agnoscere
1054 1925 1198 2001 regnum
1219 1901 1386 1977 coelorum
1403 1928 1480 1979 cunr
1498 1928 1578 2001 rege
1591 1900 1652 1975 suo
1662 1951 1673 1986 ,
1702 1907 1739 1975 dc
1751 1903 1878 1976 resistis
1896 1902 1995 1978 rebus

629 2083 632 2088 ,
651 2003 815 2078 omnibus
832 2002 1011 2074 admittere
1023 2001 1058 2072 in
1080 2000 1204 2071 animis
1224 2002 1441 2082 venientem,
1468 2003 1505 2074 &
1519 1996 1742 2099 praesentem,
1770 2023 1880 2098 quem
1896 2024 1995 2073 mon·

651 2100 791 2182 litabat,
816 2097 985 2170 Messiam.
1037 2098 1088 2166 Eo
1108 2097 1200 2168 enim
1219 2119 1454 2193 comparatum
1478 2119 1547 2170 erat
1573 2118 1687 2170 totum
1715 2091 1819 2193 ipsius
1844 2095 1996 2171 minille-

651 2202 742 2274 tium
763 2224 779 2279 :k
800 2195 959 2293 quodne
980 2190 1092 2264 hilum
1119 2191 1263 2289 quidem
1284 2193 1394 2277 vobis
1405 2194 1586 2291 proderit,
1624 2190 1684 2267 nist
1704 2193 1745 2267 eb
1763 2190 1836 2288 qub
1859 2209 1997 2305 oportet

651 2295 814 2369 reseratis.
867 2295 951 2367 Haec
973 2290 1148 2361 enimvero
1168 2313 1240 2362 rara
1257 2287 1374 2361 vestrae
1391 2292 1500 2363 aetatis
1517 2289 1661 2363 felicitas
1680 2288 1748 2372 est,
1775 2289 1876 2386 quod
1885 2315 1922 2362 in
1932 2293 1994 2390 Jo·

651 2391 761 2465 banne
785 2415 854 2462 non
867 2385 1073 2485 Prophetam
1095 2378 1231 2466 solum,
1258 2380 1370 2458 sed&
1390 2385 1592 2484 plusquam
1612 2385 1821 2483 Prophetam
1837 2383 1996 2459 habueri·

650 2491 708 2562 tis.
761 2492 950 2582 Qotquot
970 2483 1061 2555 enim
1073 2502 1150 2553 ante
1163 2477 1276 2578 ipsum
1291 2482 1441 2580 agitante
1455 2486 1582 2580 Spiritu
1602 2483 1816 2565 docuerunt,
1843 2481 1900 2555 illi
1910 2482 1995 2554 emi·-

652 2609 717 2659 nus
728 2631 738 2667 ,
758 2581 818 2658 sub
838 2580 991 2660 umbris,
1021 2574 1183 2660 obscure,
1211 2578 1254 2650 de
1273 2578 1395 2651 Mallia
1408 2582 1582 2653 vaticinati
1611 2574 1686 2651 sunt
1704 2607 1713 2654 t
1741 2577 1797 2651 hic
1810 2601 1897 2653 vero
1916 2602 1994 2677 pro·

651 2683 769 2757 ximus
791 2673 993 2751 suitMessiae
1004 2673 1245 2758 anteambulo,
1274 2671 1344 2772 ipse
1357 2676 1417 2749 ille
1429 2676 1582 2774 Angelus
1594 2700 1699 2774 quem
1710 2701 1772 2775 per
1783 2674 1993 2750 Malachiam

649 2774 805 2877 promisit
814 2780 933 2853 Deus,
959 2765 1192 2869 praecessurum
1212 2795 1290 2845 ante
1301 2772 1421 2845 faciem
1432 2768 1548 2855 suam,
1575 2775 1994 2870 &praeparaturumviam

651 2877 830 2954 Domino,
857 2869 901 2943 ad
911 2867 1079 2964 templum
1092 2862 1189 2938 suum
1201 2892 1357 2941 venturo.
1410 2872 1595 2965 Denique,
1621 2869 1680 2943 iste
1696 2868 1742 2944 est
1761 2871 1824 2966 qui
1848 2864 1992 2967 praescir-

650 2976 716 3053 tis,
744 2975 781 3043 δι
797 2971 831 3040 in
845 2964 962 3039 medio
980 2963 1101 3061 populi
1121 2959 1172 3033 sui
1193 2964 1418 3044 ambulantis,
1446 2966 1597 3046 Meffiae,
1619 2967 1725 3040 index
1747 2968 1826 3040 suit.
1880 2971 1993 3064 Atque

595 3089 602 3102 ‘
651 3070 718 3145 hoc
732 3067 860 3140 intuitu
878 3084 1001 3160 magna
1021 3083 1099 3134 cum
1116 3052 1357 3133 asseveratione
1375 3060 1476 3135 dico:
1503 3068 1584 3137 Non
1598 3061 1639 3146 ess
1651 3062 1820 3152 suscitatur
1855 3061 1992 3160 russum

650 3173 734 3241 inter
746 3166 869 3260 genitos
892 3182 932 3231 ex
952 3154 1139 3231 mulieribus
1155 3158 1258 3251 major
1275 3159 1428 3250 §ohanne
1439 3158 1587 3253 Baptista.
1637 3086 1991 3234 Postnatossominee

649 3289 754 3338 nemo
774 3284 845 3333 tam
861 3256 1022 3356 praeclaro
1038 3253 1198 3329 hadenus
1220 3279 1359 3328 munere
1370 3261 1404 3328 in
1417 3251 1559 3330 Ecclesia
1576 3256 1708 3329 fundus
1720 3255 1780 3331 eil.
1832 3257 1992 3332 Potuitne

649 3361 737 3457 quid
764 3384 844 3430 uam
868 3356 937 3427 dici
954 3347 1240 3449 magnificentius.
1291 3354 1399 3441 Quod
1416 3378 1500 3426 vero
1511 3350 1684 3452 subjungit
1703 3356 1880 3427 Dominus
1898 3381 1908 3428 t
1934 3352 1991 3428 Sed

648 3463 705 3553 qui
716 3386 916 3540 eslmt'nimur
939 3456 973 3523 in
994 3474 1088 3544 regno
1108 3448 1273 3531 colorum,
1298 3446 1400 3540 major
1421 3448 1463 3534 cst
1478 3477 1542 3532 eo,
1577 3451 1614 3523 id
1633 3475 1705 3547 quo
1726 3445 1823 3523 sensu
1843 3447 1991 3547 intelligi

649 3576 785 3647 queat,
821 3550 904 3622 alibi
924 3571 994 3619 non
1016 3544 1235 3641 indiligenter
1257 3570 1277 3616 a
1296 3571 1352 3621 me
1376 3545 1422 3621 est
1443 3546 1664 3648 explicatum.
1717 3548 1810 3622 Vide
1829 3553 1988 3624 Oeam.

649 3651 734 3721 fred.
749 3650 826 3720 Dei.
836 3644 891 3717 lib.
907 3669 960 3720 ιν.
970 3664 1036 3733 cap.
1050 3665 1092 3715 x1
1104 3664 1115 3712 1
1127 3665 1157 3714 1.
1175 3641 1247 3728 sess.
1260 3668 1344 3717 xxv.
1360 3648 1401 3718 (5
1411 3643 1475 3741 seq.

469 3750 595 3817 txxvt.
747 3743 917 3815 LXXVI.
944 3738 1101 3810 Dubium
1122 3761 1192 3809 non
1215 3737 1281 3820 est,
1309 3743 1395 3835 quin
1411 3738 1585 3840 Johannes
1597 3741 1738 3819 reduces
1759 3766 1780 3814 a
1822 3737 1881 3817 esu
1893 3736 1988 3816 disei-

471 3823 752 3939 N“³'J⁰l‘¹”'pulos
772 3836 872 3919 suos,
899 3829 1178 3945 &quoscunque
1200 3836 1406 3932 compellare
1427 3837 1597 3921 dabatur,
1624 3865 1668 3912 ex
1687 3747 1838 3915 vinculls
1858 3840 1990 3914 erudie-

470 3901 622 4039 ''222‘ss
649 3940 714 4017 rit,
742 3938 778 4007 de
792 3937 896 4008 officii
917 3929 967 4006 sui
989 3930 1206 4029 diligentiam
1229 3957 1298 4004 non
1313 3930 1376 4004 nist
1397 3959 1474 4006 cum
1495 3938 1566 4010 vita
1580 3937 1741 4048 posuerit.
1792 3936 1989 4049 Apptoplssf

335 4069 340 4078 ·
468 4007 534 4118 sum
550 4032 778 4131 „pumerabat
804 4034 940 4106 interim
967 4027 1121 4102 nesandae
1138 4029 1231 4100 necis
1249 4051 1319 4100 tem
1346 4054 1399 4104 us.
1451 4035 1495 4103 Et
1521 4057 1578 4104 ma
1605 4059 1639 4105 nr
1658 4034 1724 4105 viri
1751 4032 1886 4120 letho,
1922 4053 1985 4108 toti

469 4135 623 4195 siriasim·
648 4124 803 4206 Ecclesrae
821 4127 1026 4207 tristissimo,
1054 4123 1172 4197 hilaris
1186 4123 1303 4198 sestivu
1319 4151 1388 4223 que
1402 4128 1483 4201 dies·
1493 4056 1704 4203 occasonem
1715 4130 1827 4207 dedit.
1880 4135 1988 4211 Nate·

468 4215 513 4271 ais
530 4208 723 4303 (medi-pipp,
746 4224 867 4323 agebat
884 4222 1069 4303 Herodes,
1096 4216 1163 4294 slve
1190 4225 1281 4303 vite,
1302 4220 1368 4296 sive
1390 4229 1479 4319 regni
1498 4226 1645 4307 intuitu,
1674 4253 1718 4299 ex
1744 4253 1845 4302 more
1870 4248 1987 4329 regum

462 4290 822 4431 {lzssffffislofieij
850 4326 888 4395 &
903 4344 1032 4394 eoenam
1054 4317 1196 4392 faciebat
1212 4319 1410 4416 proceribus
1430 4318 1496 4395 suis
1513 4347 1551 4394 ac
1569 4320 1782 4406 chiliarchis,
1809 4328 1850 4397 &
1861 4330 1985 4426 ptime·

467 4427 608 4530 pipant.
642 4425 702 4504 riis
721 4418 889 4497 Galilaeae.
940 4420 1025 4489 Non
1045 4439 1083 4490 ea
1101 4415 1255 4516 profesto
1267 4416 1457 4504 austeritate
1472 4422 1510 4497 &
1526 4421 1706 4504 tetricitate
1714 4419 1984 4602 praediffl

329 4547 345 4572 .-
659 4572 665 4590 ,
788 4573 793 4580 ,
1967 4538 1985 4601 q
