4667 5442
541 466 909 625 Hisroicra'·
962 499 1495 603 Hirritosoiirirn.¹
1549 483 1706 631 '259

343 663 423 741 ttiae
441 656 605 741 desertor.
656 668 773 760 Hujus
789 664 947 768 tempore
958 694 1083 773 magna
1096 670 1158 747 illa
1172 671 1446 775 famesJudaeain
1454 668 1578 757 tenuit,
1592 694 1699 772 quain
1712 677 1888 760 Μαθεῖν
2002 737 2009 745 .

342 763 490 865 Agabus
506 763 726 862 praedixerat.
743 770 821 839 Ast.
834 792 906 845 xit
931 776 992 846 28·
1459 807 1464 816 ·
1518 793 1521 808 ¹
1711 759 1863 842 dalfian.

444 864 567 936 LXX.
596 860 742 936 Tiberio
769 864 969 939 Alexandro
989 858 1145 938 suffer
1176 863 1223 940 est
1254 847 1540 951 Procuratoi‘X,
1558 845 1883 942 Ciani-Lxmnie

348 982 424 1033 tius
451 963 697 1034 vincimus.
746 960 820 1034 Sub
837 985 912 1060 quo
936 964 1039 1035 unius
1060 962 1183 1035 militis
1193 963 1411 1061 impudentia
1425 971 1587 1064 magnam
1608 951 1855 1086 nitu-{im
1878 1033 1903 1044 ⁴.
1953 980 1957 988 '

343 1056 390 1131 lit
410 1055 544 1157 Judaeis
563 1056 729 1131 cladem:
756 1082 837 1131 nam
853 1081 974 1155 quarta
988 1058 1045 1131 die
1068 1057 1237 1134 Paschatis
1259 1061 1386 1136 nudata
1410 1060 1551 1160 ‘populo
1593 1055 1756 1175 gnita-s„
1808 1047 1818 1082 ⁸
1850 1061 1865 1096 '

343 1152 395 1227 lia
414 1151 615 1236 ostendens,
644 1154 778 1251 ingenti
797 1149 958 1228 seditioni
979 1157 1157 1230 materiem
1184 1155 1333 1255 praebuit
1352 1169 1495 1257 t'quam
1523 1083 1592 1231 seis
1770 1121 1823 1180 μ
2006 1141 2014 1166 ’

345 1258 508 1326 morus
526 1250 626 1344 jubet
642 1271 759 1322 totuin
777 1253 968 1326 exercituin
991 1277 1072 1325 cum
1096 1253 1201 1325 arinis
1222 1254 1406 1338 convenire
1429 1254 1466 1328 iti
1485 1255 1696 1336 Antoniam,
1707 1256 1757 1314 dai·
1767 1275 1818 1314 *ν
1833 1265 1879 1314 2¹·-

343 1371 459 1423 atccm
478 1347 614 1446 templo
650 1347 901 1442 imminentem.
949 1347 1056 1426 Unde
1083 1351 1198 1422 territa
1228 1348 1420 1424 multitudo
1447 1353 1552 1447 coepit
1570 1374 1699 1449 magno
1707 1335 1797 1390 Μ’
1812 1329 1879 1421 fs*

342 1444 481 1546 impetu
501 1443 649 1542 fugere:
675 1445 713 1518 δι
726 1469 837 1544 quum
849 1444 980 1544 angusti
995 1442 1098 1518 essent
1117 1447 1248 1526 viarum
1269 1447 1404 1530 exitus,
1431 1449 1480 1521 ita
1499 1444 1532 1521 se
1551 1404 1866 1562 invicemffimf

341 1544 437 1616 inter
451 1541 657 1640 fugiendum
677 1540 944 1625 conculcabant,
970 1561 1011 1614 ut
1030 1543 1156 1640 viginti
1171 1542 1376 1643 Judaeorum
1394 1542 1556 1618 milliaco
1568 1543 1703 1618 numul-

341 1659 386 1711 tu
402 1632 587 1712 dcsidcrata
603 1635 679 1714 sint.
730 1638 891 1712 Tandem
910 1663 1022 1737 quum
1035 1640 1238 1712 Samaritani
1253 1638 1446 1724 Galilaeos,
1472 1667 1534 1740 per
1553 1640 1629 1714 dies
1650 1640 1702 1713 se-

342 1733 416 1809 stos
438 1735 686 1826 Hierosolymam
710 1735 985 1819 contendentes,
1014 1734 1202 1809 latrociniis
1228 1731 1430 1821 vexalleilt,
1460 1741 1497 1811 &
1524 1737 1639 1840 Judaei
1653 1735 1699 1810 ad

340 1856 438 1908 arma
448 1858 513 1932 pro
524 1832 681 1936 Galilaeis
697 1830 953 1916 concurrissent,
981 1826 1297 2004 caussapueliomae
1316 1829 1595 2009 copnosceretur,
1622 1839 1699 1908 Cu·
1782 1835 1786 1840 ’
1999 1881 2019 1902 -i
2047 1843 2049 1852 ‘

340 1954 491 2014 manus,
519 1933 582 2030 qui
596 1932 886 2005 Samaritanorum
904 1950 1019 2029 parter
1040 1926 1084 2002 de
1099 1927 1263 2016 endcrat,
1288 1930 1480 2005 aCaudio
1501 1931 1696 2017 damnatus,
1858 1935 1878 1958 ·“

340 2027 383 2101 &
401 2028 512 2102 exilio
530 2029 712 2102 mulctans
730 2024 790 2102 est.
1657 2050 1663 2060 ’

442 2129 580 2200 LXXI.
608 2124 817 2200 substitutus
835 2146 920 2196 vero
937 2124 970 2195 ei
990 2128 1197 2198 Craunrus
1223 2124 1368 2209 Feair,
1421 2149 1503 2198 uem
1520 2127 1824 2208 Antoaimtxxi.
1943 2197 1946 2204 ,

341 2219 481 2295 felicem
498 2244 601 2295 vocat
614 2224 780 2303 Tacitus,
808 2220 975 2296 Pallantis
997 2221 1143 2303 liberti,
1170 2222 1233 2319 qui
1253 2222 1347 2319 apud
1370 2151 1562 2295 Csaudiuin
1578 2223 1694 2294 omnia
1704 2221 1772 2278 Eum
1784 2221 1857 2288 secu·

337 2340 499 2416 poterat,
528 2319 657 2402 frater,
683 2343 727 2393 xi
752 2317 885 2419 Judaeae
909 2325 1124 2392 Procurator.
1177 2319 1270 2392 Huic
1291 2315 1403 2417 nupsit
1422 2318 1586 2409 Diafiila,
1609 2316 1744 2415 nep-“s
1756 2299 1870 2411 ciam·

338 2419 387 2489 tis
399 2417 594 2490 Antonii&
610 2416 829 2514 Cleopatrae,
856 2412 948 2496 filia,
969 2417 1021 2489 uti
1035 2414 1199 2488 credibile
1211 2413 1279 2496 est,
1306 2414 1408 2516 'Jubae
1419 2373 1867 2519 Regisucleo-mffi·
1939 2507 1951 2516 -

337 2532 447 2611 patrae
457 2515 625 2604 junioris:
650 2539 738 2587 mox
754 2514 791 2585 δι
806 2513 911 2587 altera
923 2508 1094 2593 Drusilla,
1122 2508 1192 2585 filia
1200 2514 1283 2609 Agri
1336 2516 1536 2603 aeniajoiis,
1564 2514 1758 2611 Agrip-pm
1773 2526 1855 2584 lova·

338 2604 1261 2794 {²511lsslllllll’nillil'lll‘llbals
1285 2538 1585 2782 llllllllssi
1610 2599 1874 2778 Atisim

336 2733 462 2904 patrqia.
513 2800 681 2879 Drusillae
699 2806 792 2877 enini
808 2804 893 2877 duas
913 2729 1063 2876 hgabuisse
1079 2803 1231 2875 Felicem
1252 2750 1381 2876 decesse
1401 2802 1474 2878 cst:
1512 2730 1856 2902 namgquoemmgm,

338 2904 455 3001 neptis
471 2904 616 2977 Antonii
638 2905 675 2975 ba
697 2902 895 3000 Cleopatrae
916 2901 1018 2983 fuit,
1056 2896 1153 2973 soror
1172 2901 1338 3000 Agrippae
1369 2902 1512 2976 minoris
1539 2892 1693 2973 essenon
1831 2907 1835 2916 '

336 3001 469 3098 potuit.
520 3005 685 3075 Suetonius
701 3005 736 3072 in
752 3000 864 3075 acad.
878 3019 947 3096 cap.
969 3021 1062 3071 xxiu
1073 3021 1087 3071 1
1098 3021 1128 3072 1.
1145 3000 1247 3071 triton
1267 3003 1449 3093 reginarum
1465 3002 1615 3072 maritum
1628 3020 1695 3068 vo·

337 3115 408 3171 cat.
462 3098 532 3171 l·lic
548 3097 596 3172 esi
615 3097 674 3172 ille
691 3097 813 3181 Felix,
841 3094 913 3172 haec
925 3094 987 3169 illa
1006 3089 1177 3178 Drusilla,
1204 3096 1268 3192 qui
1291 3095 1388 3169 Pauli
1403 3090 1548 3170 caullam
1571 3094 1693 3168 audie·

335 3216 432 3271 nint.
447 3198 522 3268 Ast.
534 3219 652 3269 xxiv:
674 3216 735 3284 24.
786 3196 870 3286 Ejus
886 3198 1044 3289 tempore
1064 3190 1236 3265 Claudius
1245 3196 1426 3288 Agrippam
1437 3198 1612 3289 juniorem
1625 3190 1692 3265 do·

334 3294 435 3368 navit
450 3290 651 3367 Tetrarchia
670 3290 816 3387 Philippi
822 3345 833 3371 ,
858 3314 939 3362 cuni
952 3296 1124 3372 Booaea,
1148 3287 1373 3363 Trachonitide
1389 3290 1426 3361 δι
1440 3287 1594 3383 Abylene,
1610 3313 1689 3385 quae
1823 3299 1826 3304 ’

333 3387 449 3464 fuerat
466 3386 617 3482 Lysinia.
667 3388 960 3467 Chalcidemvcro,
988 3387 1085 3475 cujus
1102 3387 1145 3457 ab
1158 3384 1333 3465 Herodis,
1360 3387 1474 3482 patrui
1492 3381 1556 3468 sui,
1574 3385 1687 3468 obitu,

334 3488 408 3581 jain
421 3485 689 3585 quadriennium
697 3485 848 3585 Dynalia
862 3485 997 3564 fuerat,
1021 3484 1053 3555 ei
1067 3481 1218 3556 abstulit.
1270 3484 1367 3556 Nero
1387 3505 1547 3580 praeterea
1566 3481 1690 3574 adjecit

335 3605 472 3685 partem
494 3583 734 3658 Galilaeorum
753 3579 944 3661 Tiberiade,
968 3578 1188 3656 Tarichea&
1210 3578 1352 3671 Juliade
1370 3601 1464 3653 trans
1483 3579 1687 3680 Jordanem,
1848 3661 1854 3674 ,

332 3682 452 3758 relicta
470 3682 502 3753 ei
523 3679 645 3753 eadem
665 3678 830 3779 potestate
853 3683 890 3754 in
908 3678 1081 3778 templum
1100 3672 1321 3775 summosque
1341 3671 1552 3775 pontifices,
1580 3701 1689 3776 quain
1819 3691 1840 3734 ί

334 3775 499 3853 Herodes
518 3797 660 3876 patruus
681 3775 768 3850 olini
784 3777 962 3851 babuerat.
1012 3773 1112 3848 Felix
1129 3794 1246 3846 autem
1263 3796 1375 3871 quum
1390 3775 1554 3888 aJudaeis
1577 3777 1614 3847 iii
1633 3776 1690 3865 ju·

334 3875 468 3949 dicium
486 3895 666 3949 vocaretur
684 3898 799 3948 corani
819 3880 992 3956 Nerone,
1020 3868 1185 3946 Pallantis
1204 3869 1316 3944 fratris
1345 3870 1505 3969 precibus
1521 3868 1687 3956 servatus,

333 3968 556 4046 successorem
575 3976 691 4046 nactus
708 3967 756 4044 est
773 3977 961 4045 Ponriuir
986 3974 1176 4050 Fuerunt,
1202 3990 1289 4041 xii.
1313 3974 1585 4043 Procuratorem.

433 4072 589 4143 LXXII.
615 4068 687 4144 Sub
705 4068 778 4156 ejus
795 4064 954 4167 praesidio
973 4067 1128 4165 Agrippa
1148 4089 1211 4138 rex
1232 4063 1397 4139 exstruxit
1417 4061 1540 4166 infigni
1561 4064 1835 4165 ampli-cxxii:

329 4168 456 4242 tudine
480 4165 626 4241 domum
653 4189 718 4264 pro
746 4190 764 4235 e
790 4165 992 4261 porticum,
1035 4164 1072 4233 in
1095 4164 1189 4259 regia
1210 4161 1500 4258 &erosolymieana
1522 4188 1602 4261 quae
1622 4159 1746 4236 As·¹¹¹
1765 4147 1865 4205 ΡΜ*

331 4287 550 4340 monacorum
565 4263 695 4345 fuerat,
719 4188 820 4335 sitam
838 4263 873 4334 in
892 4261 989 4335 edito
999 4258 1078 4332 loco
1088 4304 1101 4342 ,
1128 4256 1221 4330 unde
1235 4225 1846 4372 amoenill‘imusprospeciiie2'5‘22'24123'2‘¹

1584 1180 1700 1231 acutus
1709 1191 1808 1242 2000,
1817 1173 1881 1256 Jn·
2028 1185 2032 1194 ·

329 4363 475 4463 patebat
495 4359 721 4461 contemplati
742 4359 865 4433 urbem
880 4355 1103 4434 volentibus:
1130 4355 1226 4444 cujus
1244 4355 1435 4456 voluptatis
1453 4383 1516 4431 ieir
1537 4382 1579 4432 cu
1604 4358 1843 4454 idum-naqa·
1932 4387 1936 4392 ·
2015 4465 2019 4476 Ι

334 4485 357 4535 c
376 4458 541 4537 cubiculo
557 4453 726 4557 spectabo
743 4456 915 4559 quicquid
931 4460 1019 4535 circa
1041 4449 1215 4552 templum
1232 4446 1340 4532 fieret.
1388 4453 1431 4532 ld
1446 4454 1509 4530 ubi
1525 4456 1561 4531 ei
1587 4453 1795 4550 enuitirfssde
1810 4453 1849 4510 A·

413 4579 415 4600 =
815 4553 819 4561 ·
1008 4547 1130 4649 xia
1564 4528 1853 4629 Hioavffl‘*
