4667 5442
556 483 652 607 156
812 481 1524 575 Exunc1rar1o
1593 419 1762 577 vu‘

551 647 693 717 interiit.
745 649 890 745 Pergit3
923 647 1094 720 interdum
1123 643 1206 728 nnn
1231 648 1417 717 diuturnum
1447 663 1569 741 tempas
1590 641 1777 744 signiticat.
1800 649 1907 719 Num.

550 764 687 815 xv111:
705 764 760 833 19.
812 748 900 830 Quae
920 739 1116 839 significatio
1136 737 1159 812 sr
1177 740 1231 815 hie
1243 741 1443 813 admittatur
1464 787 1476 823 ,
1503 767 1592 816 uxor
1616 746 1707 815 Loti
1727 746 1768 815 in
1786 767 1907 841 perpe·

550 857 652 909 tuum
670 834 818 910 mansisse
837 842 872 910 in
894 840 1115 910 Sodomitico
1133 861 1246 935 agro,
1274 834 1332 908 seu
1359 839 1431 910 iIIic
1456 835 1660 935 diriguisse,
1690 865 1820 937 neque
1847 864 1904 912 uu·

548 956 656 1029 quam
679 930 807 1006 reversa
826 935 1047 1033 intelligetur.
1098 940 1189 1006 Rem
1208 930 1313 1029 ipsam
1338 930 1459 1006 fusiore
1477 938 1736 1008 commentario
1759 933 1919 1008 illustrat·

542 1046 581 1125 p.
600 1052 680 1121 333.
733 1032 769 1105 V
764 1029 959 1119 erifimr'iiua,
982 1032 1143 1102 mulierem
1156 1056 1196 1101 aa
1205 1050 1241 1102 tu
1259 1027 1415 1123 diriguisse
1434 1077 1444 1106 2
1470 1052 1528 1103 aut
1544 1050 1663 1126 vapore
1674 1032 1852 1129 sapharti
1865 1034 1902 1106 d·

547 1121 710 1199 bituminis
725 1124 919 1217 suffocatam.
968 1128 1085 1223 Qum
1111 1132 1191 1199 enim
1207 1131 1319 1221 patria
1342 1130 1410 1214 celi
1434 1130 1478 1199 di·
1498 1148 1590 1199 terra
1606 1127 1739 1222 ignibat
1756 1132 1904 1210 arderet,

547 1227 672 1319 —quid
690 1227 805 1295 mirum
820 1222 849 1312 fi
864 1245 929 1320 pra
943 1246 1027 1294 metu
1049 1227 1093 1297 d·
1110 1224 1217 1295 dolore
1232 1229 1366 1296 animam
1386 1222 1557 1317 efflaverit,
1581 1246 1639 1295 aut
1649 1222 1776 1314 saltem
1791 1230 1903 1297 exarti-

457 1399 461 1408 ,
547 1340 637 1396 mata
657 1324 846 1401 conciderit,
868 1324 931 1399 (a,
949 1344 1045 1416 quum
1064 1345 1152 1392 nemo
1164 1314 1466 1414 suppetiasferret,
1493 1315 1619 1392 obierit.
1668 1325 1709 1393 Si
1726 1326 1785 1394 cai
1804 1342 1904 1394 tam

547 1421 606 1492 hoc
622 1424 732 1490 mortis
751 1440 850 1510 genae
880 1419 986 1506 narrat,
998 1418 1161 1496 arrideat,
1185 1440 1245 1488 non
1270 1410 1401 1499 absurde
1424 1413 1514 1503 forte
1541 1417 1718 1505 conjiciat,
1736 1419 1903 1492 muliere·

533 1519 607 1589 'non
625 1533 750 1587 tantiae
765 1513 868 1586 acuas
881 1517 922 1585 ad
937 1515 1082 1609 patrium
1097 1511 1199 1601 folum
1221 1508 1395 1600 maesse,
1414 1509 1596 1598 sedetiam,
1613 1510 1788 1612 posquam
1800 1520 1903 1611 Auge·

546 1612 574 1684 tt
595 1608 772 1797 abp'erpnn
797 1605 951 1701 rediisse,
974 1629 1012 1683 ut
1027 1612 1161 1707 propia
1184 1611 1358 1681 incendimn
1366 1606 1515 1702 spissaret
1534 1639 1548 1690 ‚·
1573 1629 1668 1700 atque
1692 1613 1748 1684 ita
1767 1609 1901 1704 suffoca·

546 1727 614 1784 tam
647 1733 680 1779 ut
703 1734 733 1779 e.
1470 1757 1475 1762 -

647 1808 781 1876 XVIII.
807 1804 1034 1876 Firmamenta
1046 1802 1231 1902 paradoxae
1244 1800 1532 1897 interpretationis
1544 1795 1900 1896 haecsunt.·1.QuoI

487 1921 502 1956 r
549 1926 602 1974 res
618 1896 687 1997 ipsa
702 1921 777 1971 eum
799 1902 929 1972 ratione
949 1903 1080 1996 optime
1099 1899 1303 1979 conveniat,
1333 1901 1370 1968 &
1390 1897 1580 1994 plurimum
1593 1896 1721 1973 habeat
1733 1898 1899 1977 verisimi-

548 1996 719 2071 litudinis.
769 2003 862 2069 Nam
879 2000 916 2068 δι
936 1997 1019 2069 alias
1040 1992 1257 2069 observatum
1279 1991 1325 2067 est
1341 2016 1441 2065 motu
1457 2016 1554 2066 terrae
1568 1990 1706 2068 insanos
1724 1998 1897 2096 plurirnot

547 2092 707 2166 homines
729 2087 792 2164 esse
812 2093 940 2176 fastos,
967 2116 1070 2190 atque
1091 2094 1243 2189 impotes
1273 2084 1325 2162 sui
1344 2084 1472 2163 errasse.
1503 2088 1710 2188 Nusquam
1735 2093 1819 2178 est,
1845 2121 1898 2169 nt·

547 2214 617 2288 que
637 2189 702 2263 fuit
720 2236 731 2272 ‚
760 2192 821 2287 qui
838 2186 972 2263 securus
990 2185 1177 2286 adspiceret
1195 2186 1304 2284 ruptis
1319 2186 1551 2284 compagibus·
1570 2183 1752 2264 dehiscens
1768 2185 1896 2267 solun„

545 2288 723 2361 Mirumne
743 2310 826 2384 ergo
845 2286 1037 2384 videbitur,
1063 2282 1087 2358 fi
1108 2284 1301 2357 dixerimus
1325 2305 1395 2354 tam
1421 2282 1593 2355 horrendo
1614 2281 1815 2384 spestaculo
1835 2315 1898 2389 op·

545 2380 688 2482 pressam
705 2408 852 2458 uxorem
880 2384 963 2455 Leti
983 2377 1097 2454 subito
1121 2373 1319 2478 diriguisse,
1347 2402 1407 2450 aut
1424 2374 1657 2454 semianimem
1679 2381 1893 2484 collapsam,

546 2480 633 2551 dum
653 2480 774 2561 licuit,
801 2482 882 2551 vitae
902 2475 969 2551 suae
988 2503 1058 2551 non
1075 2470 1304 2551 consuluisses
1339 2482 1385 2546 11.
1409 2476 1517 2564 Quod
1536 2472 1663 2552 smiles
1682 2477 1895 2566 locutiones,

546 2597 617 2649 tam
638 2577 672 2649 in
689 2573 787 2649 sacris
805 2597 909 2672 quam
931 2574 1113 2673 profanis,
1142 2570 1292 2653 exstent,
1318 2571 1556 2669 metaphorice
1586 2571 1769 2652 sumendae
1789 2574 1894 2652 sensu.

412 2734 423 2747 ,
546 2678 587 2745 In
603 2666 702 2744 sacris
722 2672 765 2742 de
786 2697 821 2745 re
838 2674 964 2745 minori
987 2668 1105 2743 srmiIis
1118 2664 1415 2765 ,occurritphrasm
1432 2674 1569 2742 1.Sam.
1582 2696 1678 2746 xxv:
1704 2693 1767 2764 37.
1778 2674 1896 2748 -ubide

545 2766 682 2840 Nabale
699 2795 709 2840 t
737 2771 780 2842 d*
796 2765 1014 2850 mortetenus
1031 2792 1086 2841 eor
1100 2768 1169 2861 ejus
1187 2770 1222 2839 in
1243 2767 1317 2847 isio,
1340 2768 1383 2839 es
1403 2768 1456 2839 itte
1474 2763 1573 2871 12⁸5-
1582 2785 1650 2851 ntn
1667 2764 1744 2859 feeit
1763 2771 1802 2846 in
1819 2772 1895 2870 Ιᾳ-

543 2867 623 2937 em
673 2864 981 2950 Quemadmodum
1005 2866 1174 2962 igiturex
1195 2887 1237 2935 eo
1260 2862 1359 2959 quod
1380 2862 1505 2934 dicitur
1523 2865 1638 2938 Nabal
1660 2863 1758 2963 Iapis
1779 2867 1894 2954 fratre,

543 2982 650 3031 nemo
668 2961 795 3032 dixerit
809 2957 987 3033 hominem
1006 2963 1040 3033 in
1057 2961 1209 3059 lapidem
1225 2962 1513 3051 meromontem:
1543 2986 1605 3036 nee
1617 2987 1709 3035 uxor
1719 2968 1810 3038 Lou'
1822 2991 1897 3040 eeu·

542 3051 645 3134 senda
665 3054 712 3129 est
731 3055 836 3132 statua
863 3052 940 3131 salis
963 3051 1124 3140 evasisse,
1162 3058 1261 3157 quod
1289 3058 1421 3131 dicatur
1443 3052 1537 3130 fuisse
1563 3057 1669 3131 statua
1695 3055 1795 3136 salis.
1825 3062 1898 3137 'sie

540 3155 648 3226 etiarn
669 3154 777 3228 locuti
796 3151 873 3227 sunt
893 3154 929 3229 in
949 3151 1074 3228 summi
1088 3153 1232 3253 stuporis
1246 3153 1455 3252 expressione
1468 3155 1584 3229 Latini
1599 3163 1731 3233 Poetae.
1761 3164 1898 3238 Met

542 3254 718 3331 ariadnem
734 3251 781 3323 ita
801 3250 1005 3350 loquentem
1022 3251 1177 3326 inducit:
1691 3276 1697 3286 ·

527 3345 540 3366 '
707 3353 781 3426 Aur
799 3374 889 3423 mare
929 3349 1089 3446 inspiciens
1108 3352 1142 3422 in
1154 3349 1237 3441 saxi
1248 3346 1370 3443 frigida
1380 3348 1467 3438 sedi,

600 3543 635 3615 b‘
706 3444 886 3548 Qatnque
966 3446 1109 3534 'sedes,
1132 3464 1200 3520 tam
1218 3446 1301 3544 lapis
1320 3445 1387 3543 ipsa
1397 3444 1466 3538 fui.

623 3571 657 3619 r:

539 3542 598 3618 Ah
707 3644 878 3717 -Mater
894 3643 937 3713 ad
953 3643 1080 3715 auditae
1090 3640 1197 3739 stupet
1215 3665 1272 3717 ceu
1284 3640 1385 3732 saxea
1400 3665 1505 3720 omes.

537 3736 692 3818 Rutfus.
706 3836 902 3935 -draoque
919 3833 1074 3926 samsima
1084 3832 1165 3927 sato

536 4032 633 4108 Hinc
654 3930 838 4100 faussspsi
851 4026 963 4105 Niobe
980 4032 1016 4103 in
1038 3998 1158 4107 saxum
1179 4053 1309 4107 mutata
1329 4058 1339 4106 ε
1378 4035 1474 4125 cujus
1495 4057 1615 4110 verum
1641 4031 1778 4114 sensum
1798 4039 1898 4118 indi·

538 4128 629 4196 tavit
646 4130 775 4206 Cicero,
800 4125 921 4217 riuus
938 4152 1017 4203 111.
1037 4128 1174 4211 Niobe,
1196 4133 1335 4229 inquit,
1358 4129 1493 4226 fingitur
1514 4132 1638 4228 lapidea
1654 4153 1896 4233 propterera·

534 4244 639 4302 emm,
663 4228 780 4304 credo,
803 4226 837 4295 in
856 4224 940 4298 Iussu
954 4224 1124 4317 fidentium.
1178 4228 1287 4300 Addit
1313 4252 1425 4300 novus
1446 4236 1615 4327 Interpres
1635 4257 1680 4306 ex
1699 4236 1896 4330 Palaephm

537 4316 581 4389 de
602 4322 723 4391 snaed.
745 4318 818 4402 His
842 4330 920 4419 Cap.
934 4346 992 4397 rx.
1011 4324 1108 4421 quod
1123 4323 1226 4396 valde
1235 4323 1280 4396 ad
1292 4320 1394 4421 ipsius
1406 4346 1557 4398 mentem
1569 4327 1698 4401 dietum
1707 4329 1886 4409 arbitror:

384 4477 387 4486 .
532 4408 603 4492 irre
622 4413 755 4486 arisrrat
774 4422 806 4489 Ie
826 4416 893 4487 assu
913 4422 1045 4505 wimar
1069 4415 1215 4518 &ignor
1237 4465 1249 4497 ‚
1280 4414 1348 4505 ὶίξ
1373 4416 1523 4519 drspt'mr
1548 4422 1659 4501 nidor,
1693 4421 1912 4619 med-ri:-
