4667 5442
715 469 859 570 Ruri.
896 469 1076 569 erer‘c·
1110 501 1213 569 Hoc
1252 497 1356 570 see.
1392 477 1577 572 Sr'nru
1712 439 1809 610 731

456 617 552 802 Reid
570 625 859 719 desiderandum,
887 636 1107 734 exploratum
1135 633 1418 738 perspestumque
1445 636 1644 716 babeamus.
1695 648 1817 734 Quam-

529 755 632 813 rem,
659 754 699 803 ut
719 731 804 804 mihi
826 758 915 809 nunc
930 736 1101 831 potissima
1122 758 1193 808 tam
1211 736 1377 809 notabilis
1390 733 1506 812 caullae
1518 762 1694 813 momenta
1707 741 1813 814 libra·

455 835 543 899 'turo
562 824 749 902 benevolas
767 854 864 902 aures
884 830 1083 929 praebeatis,
1111 833 1154 905 ab
1179 835 1341 930 aequitate
1357 833 1465 909 vestra
1486 833 1625 926 (videte
1650 832 1813 915 fiduciam

454 920 604 1016 meam)
626 948 696 997 non
717 946 789 999 tam
806 923 939 1025 posco,
967 953 1073 1025 quam
1093 927 1264 1027 exspecto.
1328 955 1333 968 ¹

559 1027 698 1095 Parrum
718 1022 908 1100 nostrorum
923 1046 1052 1107 aetate,
1079 1023 1156 1122 post
1174 1026 1338 1124 longam,
1361 1051 1445 1125 -quae
1465 1022 1624 1101 universo
1643 1049 1810 1107 terrarum

455 1113 539 1190 orbi
554 1116 775 1201 incubuerat,
803 1114 908 1217 spissae
927 1122 1084 1218 caliginis
1097 1125 1253 1205 nedem,
1282 1146 1443 1198 exortum
1458 1124 1634 1198 serenioris
1645 1124 1732 1198 lucis
1749 1126 1806 1216 ju-

458 1209 522 1287 bar
539 1207 629 1297 elle,
658 1215 870 1312 ingratissimi
891 1216 1044 1315 profecto
1064 1218 1264 1292 mortalium
1285 1214 1411 1303 fimus,
1437 1217 1461 1294 sr
1480 1245 1550 1292 non
1561 1219 1719 1293 lubentes
1731 1246 1807 1294 ma

457 1310 601 1410 ritoque
616 1308 852 1407 agnoscamus.
902 1310 1065 1410 Deposita
1087 1336 1168 1406 tunc
1186 1314 1355 1401 illuvies,
1381 1317 1520 1389 ablutus
1546 1311 1715 1413 squalor,
1743 1318 1807 1391 de·

455 1402 545 1482 tersa
561 1406 687 1506 rubigo
705 1407 752 1482 est
771 1455 783 1492 ,
812 1409 940 1508 quibus
963 1410 1115 1493 foedata,
1142 1412 1347 1508 inquinata,
1375 1416 1411 1486 &
1430 1412 1549 1485 insede
1563 1435 1657 1486 erant
1675 1416 1806 1493 omnia.

459 1531 463 1536 ·
556 1504 677 1578 Rediit
693 1501 845 1578 humano
869 1508 1008 1604 generi,
1037 1529 1122 1580 tetra
1141 1531 1249 1603 nuper
1260 1505 1412 1581 barbarie
1424 1504 1666 1605 conspurcato,
1693 1511 1801 1584 ratio·

454 1601 512 1676 nis
525 1595 594 1672 suae
610 1606 715 1675 nitor.
765 1602 884 1676 Rediit
896 1599 1049 1678 Ecclesiae
1066 1601 1285 1686 Christianae,
1305 1607 1360 1679 cui
1371 1603 1613 1703 anequiffimis
1626 1606 1802 1680 tenebrio-

451 1697 593 1781 nibus,
619 1694 681 1771 sub
702 1698 881 1797 religionis
909 1721 1111 1798 praetextu,
1138 1695 1325 1773 miserrime
1344 1697 1486 1798 illusum
1510 1723 1612 1785 erat,
1639 1703 1804 1779 dodrinae

452 1788 523 1868 suae
543 1796 685 1891 puritas.
737 1795 856 1893 Rediit
875 1795 1043 1868 bonarum
1062 1797 1188 1870 artium
1208 1794 1326 1870 studiis
1345 1793 1424 1869 suus
1440 1799 1564 1894 vigor,
1592 1799 1804 1896 eloquentiae

452 1886 556 1966 suum
586 1891 720 1975 decus,
746 1888 919 1988 sapientiae
938 1888 996 1964 sua
1013 1892 1099 1967 laus.
1149 1890 1253 1966 Nihil
1271 1918 1385 1967 rerum
1403 1896 1608 1968 Divinarum
1633 1894 1803 1970 humana·

451 2011 604 2086 rumque
624 1987 692 2070 est,
717 1988 815 2085 quod
843 2014 912 2062 non
930 1990 1156 2063 verecundius
1180 2034 1193 2073 ,
1218 1991 1367 2064 exadius
1388 1990 1649 2088 elegantiusque
1668 1996 1801 2069 tractari

452 2109 503 2162 to
533 2087 607 2158 erit.
656 2083 984 2183 Sapientilsrmorum
1003 2084 1207 2168 hominum,
1231 2111 1309 2162 cum
1322 2111 1365 2159 ex
1377 2088 1531 2168 Graecia,
1555 2092 1798 2174 tumeLatio,

451 2111 625 2256 elaborata
638 2183 834 2263 volumina,
855 2207 935 2281 quae
951 2181 1068 2260 blattis
1079 2183 1215 2279 pridem
1227 2179 1394 2281 tineisque
1407 2208 1472 2279 pro
1481 2183 1611 2281 pabulo
1625 2180 1797 2269 cesserant,

449 2275 609 2354 latibulis
627 2303 716 2351 nunc
736 2276 967 2360 excussasuis,
996 2279 1187 2352 multorum
1204 2277 1331 2351 versata
1343 2276 1420 2352 sunt
1432 2278 1615 2352 manibus:
1640 2279 1731 2352 unde
1743 2307 1800 2354 re·

450 2373 568 2452 llituta
582 2375 794 2473 postliminio
814 2375 955 2447 eruditae
971 2375 1167 2471 antiquitati
1183 2370 1241 2446 sua
1261 2377 1435 2448 veneratio
1456 2373 1516 2450 est.
1569 2382 1635 2468 Pro
1655 2374 1799 2450 striden-

449 2471 567 2555 tium,
596 2470 930 2567 &nihilquicquam
941 2464 1300 2568 sanisrgnificantium,
1327 2470 1512 2547 verborum
1526 2472 1705 2546 incondito
1714 2470 1798 2547 stre·
1906 2512 1911 2521 ·

450 2569 551 2668 pitu,
579 2568 734 2669 politiori
753 2564 917 2640 sermonis
935 2590 1089 2667 genere,
1117 2567 1213 2658 cujus
1234 2569 1441 2667 puritatem,
1469 2568 1706 2669 elegantiam,
1732 2593 1797 2643 ve·

451 2664 641 2750 aestatem,
668 2689 730 2738 nec
751 2660 820 2761 ipsa
832 2660 894 2737 sub
905 2662 1059 2836 degusto
1070 2667 1187 2738 Roma
1200 2658 1295 2739 suam
1307 2660 1371 2739 elle
1383 2662 1572 2750 inficietur,
1600 2666 1797 2740 delicatissi-

450 2785 521 2842 mat
542 2766 645 2836 etiam
664 2761 818 2836 delinitae
831 2786 927 2836 aures
962 2783 1037 2838 unt.

455 2885 458 2890 ·
548 2858 719 2958 Principio
738 2860 882 2957 quidem
910 2862 946 2934 in
965 2862 1063 2943 acie,
1091 2852 1251 2933 adversus
1271 2856 1436 2941 insanos,
1471 2856 1616 2934 furiosos
1637 2860 1797 2935 rabidos·

449 2977 521 3054 que
540 2957 704 3031 barbariei
749 2978 997 3056 repugnatores
1017 3009 1030 3048 ,
1065 2953 1221 3030 standum
1242 2956 1427 3029 fortissimis
1445 2957 1527 3030 viris
1547 2957 1638 3030 fuit:
1666 2959 1795 3054 quibus

450 3073 523 3126 non
543 3053 587 3126 de
608 2981 747 3127 famas
1646 3054 1653 3068 ’

449 3145 574 3238 liujus,
601 3174 743 3230 verum,
770 3149 868 3244 quod
882 3150 1083 3230 miremini,
1111 3168 1235 3219 aeterna
1252 3148 1356 3218 etiam
1381 3146 1441 3218 illa
1465 3151 1681 3229 animarum,
1708 3171 1794 3219 con·

446 3239 647 3320 troversram
669 3243 855 3325 faciebant,
883 3242 1083 3316 stolidissimi
1099 3239 1247 3313 simul&
1266 3242 1484 3314 crudelissimi
1505 3243 1718 3315 mortalium.
1747 3248 1795 3315 At

446 3341 584 3414 bonum
604 3340 726 3413 fadum
747 3337 820 3422 est,
847 3339 945 3435 quod
965 3339 999 3410 in
1017 3336 1113 3408 bello
1135 3359 1205 3408 tam
1225 3332 1432 3421 necessario,
1457 3358 1600 3434 tamque
1624 3335 1790 3422 honesto,

445 3437 606 3531 undique
620 3435 717 3508 velut
734 3436 872 3533 agmine
888 3434 995 3517 fado,
1021 3434 1144 3525 jundis
1171 3456 1215 3503 ue
1229 3430 1478 3534 phalangibus,
1504 3431 1675 3531 suppetias
1692 3434 1796 3508 labo·

446 3535 539 3611 tanti
561 3529 733 3633 sapientiae
748 3532 1044 3613 latumvenerint,
1070 3458 1324 3629 prarlantiffimi
1343 3534 1474 3629 quique
1494 3530 1634 3604 herois:
1662 3533 1792 3629 quibus

446 3653 523 3708 non
542 3655 621 3704 cum
638 3627 860 3713 hominibus,
888 3625 948 3701 sed
965 3653 1043 3703 eum
1060 3626 1211 3710 belluis,
1238 3624 1576 3727 hominumspeciem
1593 3630 1792 3702 mentienti·

445 3725 543 3899 lpgs,
580 3734 619 3806 δι
645 3752 723 3804 cum
744 3726 911 3828 harpyis,
947 3730 1104 3801 contadu
1127 3719 1192 3800 suo
1212 3726 1329 3799 omnia
1354 3725 1589 3810 sudantibus,
1623 3724 1791 3803 dimican-

499 3852 535 3898 m
555 3824 632 3903 fuit.
662 3842 671 3870 '

547 3927 735 3999 Enimvero
751 3924 836 3999 favit
851 3919 1033 4013 justissimae
1057 3915 1174 3997 caulsae
1188 3927 1297 3996 Deus.
1346 3921 1502 4018 Propitio
1523 3941 1713 4023 pugnatum
1741 3918 1791 3998 el!¹

446 4021 577 4095 Marte.
627 4018 746 4107 Pulsa,
768 4018 858 4102 susa,
881 4018 1015 4119 fugata,
1034 4020 1236 4120 profligata,
1267 4040 1470 4115 aeternaeque
1490 4022 1679 4119 mancipata
1695 4021 1789 4093 nodi

449 4115 592 4192 infausta
608 4119 709 4192 Erebi
728 4117 875 4192 monstra
893 4112 981 4192 sunt.
1032 4119 1189 4191 Viatores
1216 4138 1330 4189 autem
1351 4140 1416 4212 pro
1440 4117 1605 4200 coronis,
1641 4117 1785 4197 laureis,

446 4215 631 4298 ovatione,
656 4213 856 4315 triumpho,
882 4233 923 4287 ut
940 4210 1104 4311 cujusque
1118 4214 1269 4314 dignitas
1286 4213 1453 4287 &merita
1462 4211 1613 4297 fuerant,
1640 4217 1787 4288 immor-

447 4310 556 4385 talem
569 4310 684 4412 adepti
700 4312 849 4412 gloriam
866 4357 877 4395 ,
903 4330 957 4384 tro
981 4309 1055 4386 haee
1073 4332 1304 4409 perennaturae
1319 4307 1432 4386 laudis
1447 4312 1484 4384 in
1501 4308 1642 4389 honoris
1651 4311 1731 4388 sano
1740 4306 1786 4381 ad

446 4399 633 4500 Memoriae
649 4433 742 4489 aram
756 4408 899 4493 feliciter
913 4335 1168 4577 suspaendengt.
1733 4500 1761 4576 Ε

1156 4529 1179 4581 2
1203 4529 1264 4580 Η
1293 4527 1318 4590 2
1762 4518 1788 4580 Σ

731 3052 828 3126 olum
846 3059 882 3129 &
897 3053 1065 3135 fortunis,
1091 3048 1150 3123 sed
1167 3052 1265 3125 &de
1281 3050 1410 3133 salute,
1436 3076 1506 3125 non
1520 3077 1672 3150 corporis
1683 3053 1794 3125 modo
1913 3131 1925 3148 ,
