4667 5442
572 489 665 597 172
811 464 1719 605 Exeacrrarro-VIIL

568 636 679 708 modo
697 628 860 730 descripta
876 628 951 704 sunt
968 655 1144 728 tempora,
1173 630 1378 712 invalitura,
1406 633 1624 728 graviterque
1644 618 1820 699 Ecclestae
1831 624 1918 695 intu-

568 732 682 803 bitura
697 753 777 803 erat.
830 731 928 802 Adeo
950 727 1093 825 quidem
1114 751 1151 800 ut
1170 750 1323 803 venturus
1350 724 1389 799 stt
1408 727 1469 801 ille
1489 725 1633 820 Assairrr
1653 727 1690 795 in
1706 742 1844 795 terram
1860 724 1916 791 Ec·

568 823 674 901 clel'rae
696 874 706 908 ,
734 825 772 896 id
790 822 837 897 est
854 851 907 897 eas
927 851 962 897 re
989 828 1085 896 iones
1105 826 1165 896 ubi
1185 821 1339 896 habitant
1360 827 1421 920 qui
1439 821 1565 897 Christi
1591 843 1722 893 nomen
1750 811 1917 915 profiter·

568 946 646 996 tur:
676 926 711 994 δι
730 922 906 994 cacanus
921 849 1047 1017 pasaria
1065 921 1225 1015 ipsorum,
1250 922 1377 1016 partim
1402 919 1651 997 defimamus,
1681 915 1826 1012 partim
1844 936 1918 1010 pto·

553 1020 742 1098 ,sanaturus
765 1065 775 1099 ,
812 1042 915 1115 atque
934 1018 1050 1112 impiis
1069 1013 1182 1089 usrbus
1200 1018 1423 1089 destinaturus
1453 1014 1726 1088 Christianorum
1750 1004 1917 1082 basilicae.

567 1119 700 1187 Lucem
718 1113 796 1186 huic
813 1113 1003 1212 proph'etiae
1018 1112 1198 1186 foeneratur
1215 1112 1364 1186 historia.
1415 1111 1600 1207 Postquam
1621 1109 1717 1178 enim
1727 1130 1801 1202 per
1819 1102 1916 1177 chti-
1941 1143 1944 1150 ·

567 1210 691 1284 stianos
711 1218 937 1309 Imperatores
958 1208 1137 1281 conciliata
1158 1206 1312 1281 Ecclestre
1329 1235 1396 1305 pax
1415 1208 1462 1280 est
1480 1233 1498 1277 a
1515 1199 1851 1303 persecutionibus,
1872 1201 1918 1272 in·

565 1302 732 1379 valescere
742 1308 1291 1403 coepitSaracenorumlmperium:
1319 1304 1416 1400 quod
1428 1304 1469 1374 ab
1478 1324 1567 1374 anno
1579 1297 1706 1371 Christi
1718 1320 1916 1372 nemu.

566 1399 676 1499 usque
695 1401 739 1473 ad
762 1404 900 1474 initium
924 1405 1035 1473 Leonis
1070 1402 1203 1487 Isauri,
1234 1400 1449 1474 incredibiles
1468 1389 1657 1496 progressus
1680 1394 1784 1467 fecit.
1839 1400 1917 1466 Non

566 1502 659 1571 enim
679 1497 824 1577 Arabia,
849 1494 1030 1578 Palaestina,
1056 1501 1166 1591 Syria,
1191 1496 1319 1577 Persa,
1344 1502 1504 1593 AEgyptm
1531 1488 1646 1583 Asir'ca
1671 1486 1799 1564 solum
1822 1489 1919 1588 potiti
1944 1551 1950 1576 ,

565 1591 665 1675 sunt,
691 1593 751 1664 ubi
781 1594 973 1690 frequentes
988 1588 1216 1690 florentesque
1241 1592 1375 1664 fuerunt
1395 1584 1551 1663 Ecclesrae
1573 1617 1583 1660 :
1598 1583 1668 1674 *sed
1683 1589 1722 1660 &
1738 1612 1794 1661 ex
1807 1585 1919 1678 Africa

565 1691 602 1762 in
623 1691 804 1785 Hesptrtr'am
820 1691 1048 1777 trajecerunt,
1076 1714 1183 1784 quam
1203 1714 1312 1787 quum
1327 1689 1531 1762 decennium
1541 1678 1724 1756 tenuissent
1742 1730 1759 1766 ,
1791 1684 1834 1757 in
1843 1682 1918 1759 cal·

565 1785 643 1857 liam
660 1782 766 1882 usque
788 1784 831 1856 ad
857 1785 1014 1859 Turonum
1032 1809 1181 1858 trecenta
1200 1789 1237 1857 &
1256 1782 1468 1881 septuaginta
1482 1782 1593 1854 millia
1607 1788 1849 1853 Saracenorum
1868 1782 1917 1855 in·

566 1879 637 1955 susa
655 1879 743 1954 sunt.
795 1880 889 1954 Alibi
907 1906 990 1953 vero
1012 1880 1048 1952 in
1069 1882 1240 1954 minorem
1248 1882 1357 1969 Afiarn
1372 1880 1560 1976 irruptione
1573 1875 1677 1956 sada,
1707 1873 1919 1950 obsederunt

566 2001 728 2075 regnante
749 1977 946 2056 comanam
966 1976 1108 2051 Barbara
1128 1983 1356 2072 Byzantium,
1382 1980 1468 2050 cirta
1489 1999 1613 2046 annum
1630 1997 1808 2045 uctrotv.
1834 1971 1919 2046 unda

565 2071 690 2169 repulsi
703 2074 847 2146 redeunt
862 2099 940 2147 cum
956 2075 1086 2165 majore
1106 2069 1230 2159 elalle',
1258 2072 1334 2175 post
1360 2097 1467 2147 annos
1496 2098 1557 2149 η.
1609 2069 1665 2144 Sic
1684 2065 1848 2165 Assyrius
1868 2072 1917 2142 in·

568 2167 649 2243 vallt
671 2194 795 2243 tetram
815 2165 981 2244 Ecelefiae.
1772 2207 1775 2211 ·
1797 2249 1805 2262 ‚

386 2293 479 2354 xxn.
506 2290 559 2349 Sed
665 2271 786 2340 XXII.
812 2267 880 2338 Sed
902 2292 972 2339 non
998 2266 1069 2341 fote
1098 2266 1136 2339 id
1171 2264 1232 2365 ipsr
1267 2268 1446 2345 inultum,
1480 2286 1584 2362 porro
1609 2262 1775 2361 ptaedicit
1802 2269 1918 2348 Vates.

387 2364 539 2460 pausarem
568 2363 622 2436 sic
644 2365 735 2434 enim
757 2363 897 2461 pergit:
934 2357 1258 2447 Tunc'conslitreemua
1284 2388 1393 2437 contra
1415 2361 1514 2453 ipsum
1537 2358 1666 2452 septem,
1678 2359 1828 2456 pallores
1847 2416 1859 2441 ,
1880 2363 1918 2434 θ

385 2448 521 2536 ''⁸¹⁶²'¹⁴l⁸·‘
566 2460 631 2533 osso
653 2463 757 2531 uranos
776 2462 914 2533 homno.
963 2466 1026 2533 Per
1032 2458 1167 2556 pastores
1181 2462 1336 2560 intellige
1352 2461 1494 2542 relapsam
1510 2456 1615 2530 λαὸνὲ
1642 2460 1762 2553 Reges
1775 2459 1919 2532 &Prin-

379 2517 524 2667 sss&
567 2560 672 2653 cipes.
702 2556 832 2629 Confer
854 2582 885 2631 2.
897 2560 1042 2629 Samtv:
1060 2582 1095 2629 2.
1123 2581 1206 2630 v11:
1222 2581 1256 2642 7.
1285 2563 1353 2655 Jer.
1370 2582 1427 2629 vr:
1443 2577 1575 2648 3.x11:
1592 2578 1646 2628 to.
1684 2553 1789 2626 ldem
1800 2554 1919 2626 dicun-

384 2689 434 2725 ιω
452 2688 538 2732 vrrr.
567 2676 621 2725 tur
645 2669 769 2735 :aas
789 2672 882 2734 ¹:¹02
903 2654 990 2726 aussi
1002 2654 1151 2734 hominia,
1179 2651 1477 2751 quemadmodum
1491 2660 1609 2725 Petrus
1624 2646 1807 2743 laomim
1822 2647 1916 2717 atsto

379 2746 556 2821 praereptam,
567 2748 668 2821 dixit.
697 2772 726 2821 1.
738 2757 810 2823 Pet.
828 2774 839 2822 r
854 2773 881 2820 r:
901 2772 954 2836 ¹3·
1008 2752 1146 2842 Targum
1165 2749 1268 2824 habet
1291 2771 1398 2834 &wart
1427 2769 1537 2830 ἠπ
1561 2750 1728 2843 magnares
1746 2750 1917 2823 homnae

565 2846 709 2937 Coccejm
732 2841 902 2943 emphasrn
917 2844 1029 2918 statuit
1055 2849 1089 2917 in
1105 2872 1249 2919 numero
1270 2844 1458 2945 srngulari,
1488 2868 1525 2916 ut
1548 2841 1742 2946 defignetut
1763 2871 1853 2920 unua
1870 2847 1916 2918 ise

559 2941 672 3020 homo,
696 2948 809 3036 Papa,
836 2966 897 3014 rex
918 2945 1064 3037 emporii
1086 2939 1298 3039 spiritualis‚·
1341 2945 1402 3040 qui
1421 2943 1655 3014 auctoritatem
1677 2936 1738 3013 srbi
1760 2945 1801 3014 in
1824 2967 1916 3043 reget

560 3059 657 3109 tetrae
671 3059 826 3135 arrogat,
853 3039 1019 3134 cujusque
1033 3037 1171 3111 hortatu
1187 3040 1290 3113 multi
1309 3046 1439 3135 Europa
1448 3041 1619 3136 principes
1636 3035 1805 3112 adversus
1828 3038 1916 3136 Asb-

559 3138 643 3207 rium
673 3156 867 3207 moverunt.
919 3136 1136 3230 Septenarius
1169 3162 1329 3226 numerus
1360 3134 1620 3208 multitudinem
1655 3157 1758 3208 notat
1788 3164 1799 3209 :
1837 3161 1917 3236 quae

432 3262 436 3271 ·
559 3230 739 3303 additione
769 3232 932 3304 octonarii
953 3255 1109 3330 augetur.
1159 3239 1245 3305 Non
1266 3229 1416 3306 insolens
1438 3227 1657 3328 scriptoribus
1679 3279 1689 3313 ,
1718 3256 1797 3304 tam
1819 3229 1917 3306 sacris

561 3353 667 3426 quam
695 3326 876 3427 profanis,
905 3326 951 3399 est
964 3376 975 3410 ,
1003 3330 1129 3410 minori
1154 3354 1298 3402 numero
1323 3356 1396 3428 quo
1417 3328 1606 3401 multitudo
1628 3329 1745 3425 aliqua
1774 3353 1917 3404 notante

559 3427 726 3514 majorem
746 3420 780 3495 su
810 3425 970 3498 eraddere
990 3472 1001 3508 ,
1030 3426 1074 3497 ad
1092 3427 1268 3525 ingentem
1288 3427 1547 3499 multitudinem
1559 3420 1836 3522 fignifieandanr.
1863 3429 1916 3502 sic

559 3520 653 3617 apud
674 3451 843 3606 Amasim
864 3527 952 3617 Cap.
986 3545 1017 3592 1.
1047 3523 1258 3617 aliquoties,
1281 3524 1376 3617 super
1395 3520 1498 3595 tribua
1516 3520 1738 3614 asellionibus
1763 3529 1811 3598 Θ
1825 3523 1920 3621 super

558 3639 704 3715 quatuor.
755 3626 939 3689 Homerus:
969 3612 1037 3711 Tale
1052 3614 1185 3711 μάκαρες
1202 3614 1312 3685 aeirem
1336 3614 1387 3702 aql
1402 3621 1552 3715 τέτρακις.
1597 3619 1653 3691 Ad
1674 3622 1832 3694 eundem
1842 3647 1920 3696 mo·

558 3713 643 3785 dum
663 3710 750 3795 hit,
778 3708 936 3809 septem,
967 3715 1078 3783 immo
1096 3718 1186 3783 octo.
1237 3712 1374 3794 Prorsus
1397 3718 1445 3787 uti
1470 3718 1564 3788 Eccl.
1578 3740 1648 3789 x1:
1672 3741 1706 3792 a.
1734 3721 1798 3791 Da
1805 3739 1921 3814 parter

552 3808 672 3905 septem
694 3864 705 3891 ,
729 3828 786 3881 aut
804 3813 903 3881 etiam
924 3810 1000 3881 ono.
1052 3810 1230 3882 Tarnovr'rra
1249 3810 1415 3883 existimat
1434 3812 1542 3883 alludi
1566 3813 1609 3882 ad
1629 3809 1759 3910 septem
1783 3817 1919 3911 princi·

558 3932 619 4003 pes
638 3931 728 4069 quos
746 3928 842 4073 reges
860 3903 1060 4001 Assyriorum
1078 3907 1114 3976 &
1134 3905 1304 3993 Persarum
1323 3934 1427 4005 penes
1447 3905 1479 3979 se
1498 3908 1691 3990 habebant,
1719 3912 1758 3982 δι
1775 3915 1919 3987 conset·

560 4003 590 4073 ri
614 4003 651 4086 ju
680 4025 713 4073 et
732 4002 787 4075 Est
816 4054 824 4073 .
848 4027 887 4074 1:
914 4026 968 4094 14.
997 4006 1228 4100 Jer.xxxrx:
1255 4025 1285 4093 3.
1338 4001 1552 4103 Significatur
1581 4030 1695 4102 ergo,
1723 4006 1799 4080 fore
1830 4012 1920 4083 inter

502 4117 516 4146 ·
563 4094 775 4170 Christianos
794 4099 911 4196 plures
932 4123 1030 4198 reges
1049 4121 1229 4195 potentes,
1260 4102 1322 4198 qui
1343 4098 1375 4175 se
1393 4099 1515 4194 Assyrii
1528 4103 1706 4174 conatibus
1716 4128 1917 4202 opponant.

323 4219 325 4224 ’
378 4197 518 4260 xxm.
662 4199 796 4267 xxm.
823 4201 867 4267 Et
884 4197 1027 4294 quidem
1049 4220 1090 4265 eo
1108 4190 1254 4267 succellu
1275 4243 1285 4278 ,
1314 4218 1353 4268 ut
1373 4223 1441 4269 non
1458 4195 1573 4270 solum
1586 4199 1758 4297 impetum
1772 4202 1853 4290 ejus
1864 4228 1921 4276 re·

381 4272 506 4365 segnem
563 4288 712 4387 pellant,
740 4288 797 4362 sed
815 4295 851 4364 ὃ(
865 4314 984 4366 terram
994 4296 1150 4367 Mmrodi
1161 4345 1172 4372 ,
1197 4290 1361 4386 Assyriam
1380 4293 1572 4375 videlicet,
1601 4293 1805 4388 Babyloniam
1826 4352 1838 4382 ‚
1864 4299 1922 4373 vi.

391 4366 511 4481 ’2252‘st
565 4383 723 4485 elatasque
734 4391 913 4489 regiones,
942 4382 1122 4489 depascant
1132 4388 1276 4489 gladio,
1303 4391 1405 4465 armis
1420 4385 1602 4493 subigant,
1629 4391 1763 4470 bellum
1777 4395 1827 4467 ad
1840 4395 1921 4504 assia

398 4499 523 4562 unere.
1027 4509 1034 4516 “
1830 4515 1918 4588 ‘1¹¹¹’
1954 4574 1964 4594 .
