4667 5442
556 494 652 631 196
817 503 1528 599 Exercerrarro
1597 501 1661 597 X.

555 670 623 744 Sed
640 665 742 741 anilia
760 665 853 750 haec,
881 690 921 740 ut
940 665 1049 740 modo
1065 666 1240 750 diximus,
1268 687 1462 741 commenta
1481 715 1492 750 ‚
1521 666 1688 765 quamvis
1709 660 1904 740 nostrorum

553 767 658 838 etiam
669 764 841 862 aliquibus
854 790 924 835 non
938 759 1181 860 displicuerint,
1197 760 1282 837 seria
1293 763 1498 838 refutatione
1508 764 1651 861 indigna
1660 757 1761 836 sunt.
1817 759 1903 837 Aba

552 863 650 940 Ευὰ
671 863 817 957 itaque,
845 863 1029 933 contemtis
1061 859 1132 933 istis
1158 860 1282 933 sabulis
1307 907 1318 942 ,
1355 857 1487 933 sensum
1507 855 1569 932 elle
1591 859 1672 933 vult
1697 905 1712 942 ,
1742 859 1903 956 quem&

554 960 660 1052 Belga
672 949 922 1054 expresserunt,
949 952 1136 1028 srmoveris
1151 979 1186 1028 te
1208 957 1251 1028 ad
1270 953 1423 1039 bellum,
1452 954 1513 1055 ipsr
1532 958 1635 1028 etiam
1656 956 1902 1029 claudium·

554 1056 584 1128 ci
606 1056 793 1151 impedient
808 1078 882 1151 quo
898 1054 1011 1124 minus
1034 1052 1103 1125 huc'
1121 1054 1238 1125 intres.
1289 1051 1432 1124 Obstare
1452 1053 1594 1151 quidem
1609 1051 1761 1124 videtur
1786 1073 1901 1122 nume·

553 1174 635 1225 rus:
664 1175 742 1220 uam
761 1168 877 1261 'spon
905 1144 1069 1246 singulare
1088 1149 1154 1229 est,
1184 1148 1238 1222 cui
1258 1173 1328 1219 non
1345 1144 1527 1246 respondet
1546 1171 1720 1221 numerus
1741 1165 1899 1236 mmm,

554 1246 592 1317 &
610 1262 780 1329 OE’nofl·
834 1251 962 1316 Verum
982 1244 1218 1318 difficultatem
1239 1241 1325 1315 hanc
1345 1246 1493 1316 removit
1503 1249 1541 1316 de
1556 1247 1669 1324 Dieu,
1700 1241 1900 1324 observans,

552 1337 712 1414 usitatum
736 1337 798 1414 elle
821 1341 976 1412 Hebraeis
995 1342 1140 1413 verbum
1158 1336 1323 1438 singulare
1343 1339 1530 1413 construere
1550 1363 1629 1413 cum
1654 1343 1815 1414 nomine
1831 1338 1902 1438 plu·

553 1439 645 1520 rali,
673 1437 773 1534 quod
791 1437 1002 1509 distributive
1026 1439 1297 1535 exponendum:
1325 1433 1542 1517 utmenssrt‚
1569 1435 1763 1511 removebit
1773 1455 1810 1510 ae
1825 1442 1900 1536 quti-

576 1562 615 1607 ue
637 1560 812 1613 cocorum,
835 1532 1087 1607 &claudorum
1136 1538 1185 1605 At
1206 1532 1349 1629 quinam
1380 1531 1518 1604 tandem
1537 1531 1591 1605 illi
1608 1535 1696 1607 caeci
1727 1559 1773 1607 ac
1797 1532 1901 1608 claudi

552 1556 655 1708 sunt}
679 1629 839 1728 josephus
859 1625 900 1703 sic
913 1649 1161 1702 commentatur
1184 1657 1193 1702 :
1220 1626 1388 1720 jebusei,
1412 1625 1522 1717 claustr
1542 1634 1582 1700 ad
1603 1633 1764 1704 Davidis
1791 1635 1902 1724 adpra-

552 1732 758 1822 tronporrr'c,
783 1730 827 1800 (ν
847 1730 881 1797 in
903 1728 1079 1806 monibus,
1103 1742 1256 1822 quotquot
1273 1745 1344 1796 erar
1366 1728 1437 1796 cari
1463 1723 1519 1796 vel
1535 1725 1670 1814 claudi,
1695 1745 1765 1801 aaa
1787 1728 1903 1825 alioqui

554 1826 681 1903 mutili,
705 1828 739 1895 in
755 1840 942 1897 contentum
956 1828 1038 1917 regis
1057 1822 1232 1900 collocata,
1255 1819 1446 1893 diditabaot
1468 1866 1481 1905 ‚
1511 1824 1567 1894 hos
1588 1827 1631 1895 ad
1651 1829 1838 1910 arcendam
1858 1829 1904 1898 ho·

458 1950 460 1954 ’
552 1921 630 2005 Rern
642 1916 791 2011 sufficere.
840 1916 910 1991 Alii
932 1917 1040 1991 aliter.
1077 1916 1209 1991 confer
1232 1920 1378 2011 Dougraei
1394 1918 1538 1992 Analed.
1552 1925 1625 1992 Sar.
1646 1925 1786 1996 arcun
1806 1928 1864 2006 87.
1874 1937 1903 2018 p.

558 2036 642 2107 151.
696 2021 774 2103 Qua
794 2014 1004 2087 contumelia
1015 2015 1164 2086 irritatus
1186 2012 1301 2085 David
1315 2008 1529 2086 obsidionem
1549 2017 1661 2090 acrius
1685 2013 1805 2093 ursit:
1831 2041 1905 2116 pro-

554 2111 666 2213 posito
682 2114 826 2210 praemio
845 2109 1051 2209 praefecturae
1069 2112 1176 2183 totius
1193 2111 1361 2184 exercitus
1386 2111 1417 2180 ei
1438 2113 1500 2209 qui
1545 2114 1638 2186 rimo
1663 2116 1864 2189 eniteretur
1874 2117 1906 2188 in

555 2235 667 2283 arcem
687 2209 933 2307 &pervenerit
960 2225 1089 2290 uun,
1115 2207 1153 2279 id
1173 2205 1221 2280 est
1245 2214 1285 2279 ad
1302 2207 1472 2291 canalem
1497 2136 1599 2283 illum
1619 2208 1810 2295 fortassis,
1837 2233 1904 2310 quo

554 2331 643 2405 aqua
663 2301 855 2377 servabatur
873 2304 917 2375 ad
943 2325 1079 2400 potum.
1132 2305 1333 2394 Conjiciunt
1360 2306 1452 2376 eninr
1468 2330 1579 2377 arcem
1601 2302 1810 2404 superatam
1837 2301 1907 2390 elle,

553 2404 727 2500 occupatis
744 2403 913 2499 primum,
941 2420 1000 2472 aut
1012 2401 1182 2498 corruptis
1203 2402 1307 2472 etiam
1328 2402 1450 2496 aquis3
1475 2401 1574 2498 quod
1600 2405 1637 2475 ὃ(
1658 2403 1697 2475 iu
1720 2403 1810 2480 aliis
1822 2399 1906 2478 obi·

552 2498 717 2570 dionibus
737 2496 918 2571 usuvenit.
971 2497 1145 2570 Boclaarrus
1172 2505 1310 2569 canaan.
1331 2494 1406 2571 Lib.
1429 2520 1484 2570 1v.
1507 2507 1555 2570 Ca
1577 2501 1803 2576 .xxxvr.t‘n
1820 2499 1906 2576 hunc

552 2591 686 2671 sensum
703 2595 807 2667 vertit
827 2621 837 2666 c
876 2593 1036 2691 quisquis
1052 2588 1247 2689 percusserit
1262 2585 1461 2691 Jebusaeos‚
1490 2598 1519 2667 is
1539 2516 1678 2686 dejiciat
1698 2599 1739 2671 in
1769 2597 1905 2673 alveum

553 2716 656 2764 muro
676 2692 900 2787 proximum,
927 2712 997 2761 tam
1018 2693 1127 2762 caec'os
1148 2714 1255 2787 quam
1271 2689 1413 2764 claudos
1434 2691 1564 2764 Davidi
1581 2694 1743 2768 maxime
1772 2689 1904 2768 exosos.

552 2792 660 2861 Porro
674 2811 785 2882 quum
804 2809 924 2858 omnes
946 2785 1100 2858 certatim
1122 2790 1326 2869 niterentur,
1354 2787 1541 2884 cupiditate
1562 2783 1711 2864 summa
1723 2791 1906 2892 praeseder-

551 2909 599 2957 rae
619 2877 767 2966 accensi,
793 2880 909 2994 Joab‚
936 2883 1063 2973 Serujae
1083 2877 1199 2965 filius,
1228 2883 1319 2957 alios
1330 2885 1528 2982 praevenit,
1556 2882 1805 2962 &conscensa
1822 2911 1904 2970 arce,

552 3005 573 3053 a
592 3003 671 3078 rege
690 2973 888 3076 p'romrllum
904 2980 1079 3077 copiarum
1098 2980 1283 3076 imperium
1303 2983 1511 3080 impetravit.
1536 2980 1805 3062 1.chr.x1:6.
1840 2987 1904 3059 Hie

552 3077 677 3150 iterum
698 3071 798 3148 solita
820 3075 965 3147 delirant
990 3073 1153 3150 Rabbini.
1203 3077 1354 3179 Fingunt
1377 3077 1531 3178 Joabum
1551 3075 1734 3155 adduxisse
1757 3083 1905 3158 abietem

552 3173 727 3255 viridem,
754 3196 861 3282 quam
874 3168 985 3245 fixerit
1004 3172 1049 3243 ad
1066 3196 1204 3246 murum
1218 3176 1345 3248 Sionis.
1396 3174 1568 3248 Davidem
1580 3201 1666 3250 vero
1679 3180 1902 3255 incurvatum

551 3294 714 3344 cacumen
742 3290 814 3360 ejus
846 3292 1001 3342 tenerum
1022 3293 1040 3339 a
1090 3265 1305 3346 rehendilse:
1343 3297 1430 3344 mox
1449 3272 1600 3369 Joabum
1620 3269 1789 3350 exsiliille
1810 3271 1906 3374 super

548 3389 654 3465 caput
670 3366 845 3448 Davidis,
872 3360 1030 3462 suspendi
1056 3361 1122 3438 ese
1142 3368 1178 3439 in
1200 3366 1320 3441 arbore
1342 3415 1353 3449 ‚
1381 3368 1461 3440 inde
1488 3395 1532 3441 ue
1562 3366 1648 3447 saltu
1666 3368 1700 3444 se
1720 3365 1905 3466 conjecisse

548 3465 586 3536 in
604 3488 754 3538 murum.
805 3468 922 3560 Atque
940 3459 1007 3534 hoc
1026 3457 1089 3534 else
1110 3462 1211 3562 quod
1222 3464 1307 3537 dicit
1319 3466 1436 3538 David
1447 3394 1676 3560 Flexum.
1727 3475 1902 3546 Percm

547 3583 600 3646 me
613 3558 740 3651 jasius,
771 3555 948 3651 benignitas
977 3563 1076 3640 erit,
1116 3561 1221 3635 oleum
1245 3566 1389 3657 capitii.-
1421 3587 1482 3637 non
1501 3562 1633 3660 franget
1659 3583 1767 3664 capae
1789 3591 1902 3646 neu.

547 3657 665 3730 Deum
704 3681 783 3729 orro
801 3651 940 3727 demisse
960 3653 1095 3753 aliquid
1115 3654 1158 3726 de
1178 3653 1373 3731 celsitudine
1393 3664 1482 3733 muri
1503 3687 1515 3748 3
1539 3664 1703 3761 atqueita
1722 3665 1904 3740 Davidem

547 3679 752 3825 adscendisse
771 3752 848 3852 post
868 3753 1033 3855 Joabum.
1084 3756 1163 3827 Huc
1180 3753 1319 3827 tendere
1340 3755 1439 3828 illam
1462 3751 1543 3833 sacri
1567 3759 1726 3833 carminis
1746 3763 1902 3876 particu-

545 3846 637 3923 lam:
666 3854 700 3923 r'n
713 3858 786 3926 Deo
807 3876 875 3924 meo
890 3846 1049 3940 transfilio
1063 3872 1198 3924 marton.
1215 3846 1266 3930 Ps.
1281 3876 1415 3926 xv111=
1434 3875 1490 3945 30.
1543 3860 1574 3928 A
1601 3858 1687 3938 inae,
1715 3877 1902 3956 trrcaeque,

547 3966 608 4016 aut
629 3942 751 4044 siquid
764 3948 869 4021 vilius
882 3945 966 4018 istis.
1017 3946 1107 4032 Quis
1124 3970 1196 4018 non
1211 3948 1352 4021 miretur
1370 3948 1551 4024 stultorum
1570 3881 1759 4028 lominum
1783 3979 1902 4051 αμφ-

545 4040 647 4123 γίανέ
690 4049 787 4116 Hanc
807 4062 921 4113 tamen
943 4033 1001 4111 sua
1021 4046 1353 4117 commemoratione
1379 4045 1522 4145 dignam
1549 4044 1676 4123 censuit
1692 4055 1901 4146 Kimcbrm

545 4164 616 4216 uon
633 4145 770 4236 ineptus
789 4158 908 4209 caetcra
931 4143 1004 4209 lnte
1046 4162 1111 4215 res.
1163 4144 1281 4237 Atque
1296 4139 1363 4214 hoc
1382 4140 1579 4218 sermonum
1596 4169 1722 4244 genere
1740 4147 1900 4226 famelici

543 4237 669 4335 populi
689 4258 786 4306 aures
806 4228 947 4330 pascunt
966 4236 1012 4306 mi
1030 4236 1144 4307 errimi
1162 4235 1412 4336 magistrorum.

367 4326 417 4389 Π·
435 4324 469 4383 ⁸⁸
485 4344 540 4404 4¹⁶⁰·
643 4335 708 4403 lX.
734 4337 813 4402 Noa
835 4329 879 4402 ad
896 4325 1022 4404 sacram
1039 4330 1214 4405 historiam
1227 4355 1439 4410 revertamur
1458 4382 1471 4421 ,
1497 4335 1559 4411 ubi
1577 4335 1776 4416 invenimus
1797 4369 1905 4422 occa·

366 4406 519 4542 mm
542 4424 635 4508 fiune
649 4426 851 4508 claudorum
863 4428 901 4504 δι
920 4452 1091 4509 caecorum
1110 4428 1255 4508 illorum
1275 4430 1405 4514 diuum
1423 4429 1509 4523 elle5
1532 4461 1674 4513 cecaeac
1688 4437 1902 4520 cundum

1857 4539 1902 4631 es
