<?xml version="1.0" encoding="UTF-8"?>
<!DOCTYPE html PUBLIC "-//W3C//DTD XHTML 1.0 Transitional//EN"
    "http://www.w3.org/TR/xhtml1/DTD/xhtml1-transitional.dtd">
<html xmlns="http://www.w3.org/1999/xhtml" xml:lang="en" lang="en">
 <head>
  <title>
</title>
<meta http-equiv="Content-Type" content="text/html;charset=utf-8" />
  <meta name='ocr-system' content='tesseract 3.04.00' />
  <meta name='ocr-capabilities' content='ocr_page ocr_carea ocr_par ocr_line ocrx_word'/>
</head>
<body>
  <div class='ocr_page' id='page_1' title='image "./hermanniwitsiim01witsgoog/hermanniwitsiim01witsgoog_0338.png"; bbox 0 0 4667 5442; ppageno 0'>
   <div class='ocr_carea' id='block_1_1' title="bbox 554 464 1708 606">
    <p class='ocr_par' dir='ltr' id='par_1_1' title="bbox 554 464 1708 606">
     <span class='ocr_line' id='line_1_1' title="bbox 554 464 1708 606; baseline 0.008 -46"><span class='ocrx_word' id='word_1_1' title='bbox 554 464 904 563; x_wconf 61' lang='lat' dir='ltr'>Hieroso</span> <span class='ocrx_word' id='word_1_2' title='bbox 951 470 1476 566; x_wconf 74' lang='lat' dir='ltr'>Hrunosor&#39;utun.</span> <span class='ocrx_word' id='word_1_3' title='bbox 1611 481 1708 606; x_wconf 61' lang='lat'>3¹5</span> 
     </span>
    </p>
   </div>
   <div class='ocr_carea' id='block_1_2' title="bbox 316 623 1711 2090">
    <p class='ocr_par' dir='ltr' id='par_1_2' title="bbox 316 623 1711 2090">
     <span class='ocr_line' id='line_1_2' title="bbox 357 623 1711 734; baseline 0.003 -31"><span class='ocrx_word' id='word_1_4' title='bbox 357 648 434 703; x_wconf 87' lang='lat' dir='ltr'>cem</span> <span class='ocrx_word' id='word_1_5' title='bbox 451 623 618 716; x_wconf 84' lang='lat' dir='ltr'>obtinet,</span> <span class='ocrx_word' id='word_1_6' title='bbox 653 630 854 732; x_wconf 77' lang='lat' dir='ltr'>praestatque</span> <span class='ocrx_word' id='word_1_7' title='bbox 877 635 1008 708; x_wconf 79' lang='lat' dir='ltr'>caeteris</span> <span class='ocrx_word' id='word_1_8' title='bbox 1024 636 1224 709; x_wconf 70' lang='lat' dir='ltr'>auiioritate</span> <span class='ocrx_word' id='word_1_9' title='bbox 1245 636 1283 708; x_wconf 91' lang='lat'>&amp;</span> <span class='ocrx_word' id='word_1_10' title='bbox 1304 633 1415 734; x_wconf 86' lang='lat' dir='ltr'>gradu</span> <span class='ocrx_word' id='word_1_11' title='bbox 1436 664 1445 709; x_wconf 72' lang='grc' dir='ltr'><strong><em>ι</em></strong></span> <span class='ocrx_word' id='word_1_12' title='bbox 1473 657 1553 705; x_wconf 82' lang='lat' dir='ltr'>nam</span> <span class='ocrx_word' id='word_1_13' title='bbox 1570 654 1711 731; x_wconf 81' lang='lat' dir='ltr'>praeter·</span> 
     </span>
     <span class='ocr_line' id='line_1_3' title="bbox 360 726 1706 829; baseline 0.004 -31"><span class='ocrx_word' id='word_1_14' title='bbox 360 752 469 824; x_wconf 87' lang='lat' dir='ltr'>quam</span> <span class='ocrx_word' id='word_1_15' title='bbox 489 731 589 827; x_wconf 91' lang='lat' dir='ltr'>quod</span> <span class='ocrx_word' id='word_1_16' title='bbox 607 732 644 803; x_wconf 93' lang='lat' dir='ltr'>in</span> <span class='ocrx_word' id='word_1_17' title='bbox 664 753 786 803; x_wconf 88' lang='lat' dir='ltr'>ornnes</span> <span class='ocrx_word' id='word_1_18' title='bbox 805 730 899 803; x_wconf 86' lang='lat' dir='ltr'>urbis</span> <span class='ocrx_word' id='word_1_19' title='bbox 921 730 1053 805; x_wconf 81' lang='lat' dir='ltr'>incolas</span> <span class='ocrx_word' id='word_1_20' title='bbox 1079 779 1090 814; x_wconf 91' lang='lat'>,</span> <span class='ocrx_word' id='word_1_21' title='bbox 1119 726 1316 829; x_wconf 86' lang='lat' dir='ltr'>militesque</span> <span class='ocrx_word' id='word_1_22' title='bbox 1334 732 1518 828; x_wconf 87' lang='lat' dir='ltr'>imperium</span> <span class='ocrx_word' id='word_1_23' title='bbox 1540 745 1706 814; x_wconf 82' lang='lat' dir='ltr'>exerceat,</span> 
     </span>
     <span class='ocr_line' id='line_1_4' title="bbox 356 821 1709 924; baseline 0.004 -28"><span class='ocrx_word' id='word_1_24' title='bbox 356 827 464 899; x_wconf 82' lang='lat' dir='ltr'>etiam</span> <span class='ocrx_word' id='word_1_25' title='bbox 483 821 649 900; x_wconf 85' lang='lat' dir='ltr'>universae</span> <span class='ocrx_word' id='word_1_26' title='bbox 679 828 967 917; x_wconf 58' lang='lat' dir='ltr'>{Iioosuiumitanae</span> <span class='ocrx_word' id='word_1_27' title='bbox 999 831 1144 903; x_wconf 87' lang='lat' dir='ltr'>ditionis</span> <span class='ocrx_word' id='word_1_28' title='bbox 1176 828 1504 902; x_wconf 84' lang='lat' dir='ltr'>administrationem</span> <span class='ocrx_word' id='word_1_29' title='bbox 1521 831 1560 900; x_wconf 74' lang='grc' dir='ltr'>δι</span> <span class='ocrx_word' id='word_1_30' title='bbox 1592 851 1709 924; x_wconf 79' lang='lat' dir='ltr'>curam</span> 
     </span>
     <span class='ocr_line' id='line_1_5' title="bbox 357 919 1709 1024; baseline 0.001 -31"><span class='ocrx_word' id='word_1_31' title='bbox 357 919 474 997; x_wconf 83' lang='lat' dir='ltr'>habet.</span> <span class='ocrx_word' id='word_1_32' title='bbox 526 929 625 996; x_wconf 84' lang='lat' dir='ltr'>Dum</span> <span class='ocrx_word' id='word_1_33' title='bbox 646 950 711 997; x_wconf 91' lang='lat' dir='ltr'>nos</span> <span class='ocrx_word' id='word_1_34' title='bbox 729 923 951 1018; x_wconf 66' lang='lat' dir='ltr'>fferofiriymiu</span> <span class='ocrx_word' id='word_1_35' title='bbox 968 949 1147 1024; x_wconf 83' lang='lat' dir='ltr'>ageremus</span> <span class='ocrx_word' id='word_1_36' title='bbox 1167 970 1180 1008; x_wconf 89' lang='lat'>‚</span> <span class='ocrx_word' id='word_1_37' title='bbox 1206 930 1408 999; x_wconf 78' lang='lat' dir='ltr'>Saniaccatuu</span> <span class='ocrx_word' id='word_1_38' title='bbox 1424 949 1564 997; x_wconf 86' lang='lat' dir='ltr'>munere</span> <span class='ocrx_word' id='word_1_39' title='bbox 1586 924 1709 1023; x_wconf 83' lang='lat' dir='ltr'>funge-</span> 
     </span>
     <span class='ocr_line' id='line_1_6' title="bbox 357 1016 1708 1122; baseline 0.003 -32"><span class='ocrx_word' id='word_1_40' title='bbox 357 1016 458 1092; x_wconf 78' lang='lat' dir='ltr'>batur</span> <span class='ocrx_word' id='word_1_41' title='bbox 468 1024 611 1095; x_wconf 83' lang='lat' dir='ltr'>Sauiacci</span> <span class='ocrx_word' id='word_1_42' title='bbox 621 1029 761 1103; x_wconf 63' lang='lat' dir='ltr'>Gazerae</span> <span class='ocrx_word' id='word_1_43' title='bbox 777 1018 869 1094; x_wconf 86' lang='lat' dir='ltr'>filius</span> <span class='ocrx_word' id='word_1_44' title='bbox 888 1022 1017 1111; x_wconf 84' lang='lat' dir='ltr'>major,</span> <span class='ocrx_word' id='word_1_45' title='bbox 1044 1020 1103 1095; x_wconf 87' lang='lat' dir='ltr'>sed</span> <span class='ocrx_word' id='word_1_46' title='bbox 1120 1047 1232 1120; x_wconf 91' lang='lat' dir='ltr'>quum</span> <span class='ocrx_word' id='word_1_47' title='bbox 1243 1047 1305 1122; x_wconf 85' lang='lat' dir='ltr'>pet</span> <span class='ocrx_word' id='word_1_48' title='bbox 1321 1042 1458 1094; x_wconf 83' lang='lat' dir='ltr'>aetatem</span> <span class='ocrx_word' id='word_1_49' title='bbox 1475 1019 1708 1118; x_wconf 81' lang='lat' dir='ltr'>magistratum</span> 
     </span>
     <span class='ocr_line' id='line_1_7' title="bbox 316 1113 1708 1218; baseline 0.001 -31"><span class='ocrx_word' id='word_1_50' title='bbox 316 1151 323 1158; x_wconf 94' lang='lat'>·</span> <span class='ocrx_word' id='word_1_51' title='bbox 356 1117 454 1188; x_wconf 87' lang='lat' dir='ltr'>obire</span> <span class='ocrx_word' id='word_1_52' title='bbox 476 1142 547 1190; x_wconf 89' lang='lat' dir='ltr'>non</span> <span class='ocrx_word' id='word_1_53' title='bbox 564 1114 675 1216; x_wconf 77' lang='lat' dir='ltr'>posset</span> <span class='ocrx_word' id='word_1_54' title='bbox 692 1164 703 1200; x_wconf 89' lang='lat'>‚</span> <span class='ocrx_word' id='word_1_55' title='bbox 729 1144 791 1218; x_wconf 89' lang='lat' dir='ltr'>per</span> <span class='ocrx_word' id='word_1_56' title='bbox 808 1121 975 1192; x_wconf 83' lang='lat' dir='ltr'>vicarium</span> <span class='ocrx_word' id='word_1_57' title='bbox 994 1117 1131 1218; x_wconf 86' lang='lat' dir='ltr'>(quem</span> <span class='ocrx_word' id='word_1_58' title='bbox 1142 1119 1343 1213; x_wconf 75' lang='lat' dir='ltr'>cuiecagiam</span> <span class='ocrx_word' id='word_1_59' title='bbox 1358 1113 1509 1205; x_wconf 83' lang='lat' dir='ltr'>vocant)</span> <span class='ocrx_word' id='word_1_60' title='bbox 1536 1119 1708 1215; x_wconf 86' lang='lat' dir='ltr'>patrisin·</span> 
     </span>
     <span class='ocr_line' id='line_1_8' title="bbox 357 1213 1708 1314; baseline 0.001 -30"><span class='ocrx_word' id='word_1_61' title='bbox 357 1213 552 1287; x_wconf 86' lang='lat' dir='ltr'>tercedente</span> <span class='ocrx_word' id='word_1_62' title='bbox 570 1219 802 1298; x_wconf 72' lang='lat' dir='ltr'>austeritate,</span> <span class='ocrx_word' id='word_1_63' title='bbox 828 1216 1079 1314; x_wconf 84' lang='lat' dir='ltr'>rempublicam</span> <span class='ocrx_word' id='word_1_64' title='bbox 1091 1215 1359 1288; x_wconf 62' lang='lat' dir='ltr'>administrabas·</span> <span class='ocrx_word' id='word_1_65' title='bbox 1409 1213 1509 1287; x_wconf 83' lang='lat' dir='ltr'>Alter</span> <span class='ocrx_word' id='word_1_66' title='bbox 1521 1219 1641 1288; x_wconf 70' lang='lat' dir='ltr'>caurus</span> <span class='ocrx_word' id='word_1_67' title='bbox 1651 1215 1708 1285; x_wconf 87' lang='lat' dir='ltr'>di·</span> 
     </span>
     <span class='ocr_line' id='line_1_9' title="bbox 357 1307 1705 1423; baseline 0.001 -42"><span class='ocrx_word' id='word_1_68' title='bbox 357 1313 432 1381; x_wconf 62' lang='lat' dir='ltr'>cius</span> <span class='ocrx_word' id='word_1_69' title='bbox 452 1308 579 1407; x_wconf 86' lang='lat' dir='ltr'>(quod</span> <span class='ocrx_word' id='word_1_70' title='bbox 598 1313 701 1385; x_wconf 90' lang='lat' dir='ltr'>nobis</span> <span class='ocrx_word' id='word_1_71' title='bbox 716 1314 877 1412; x_wconf 87' lang='lat' dir='ltr'>Judicem</span> <span class='ocrx_word' id='word_1_72' title='bbox 906 1308 1091 1423; x_wconf 77' lang='lat' dir='ltr'>significat,</span> <span class='ocrx_word' id='word_1_73' title='bbox 1120 1314 1245 1385; x_wconf 87' lang='lat' dir='ltr'>Veneti</span> <span class='ocrx_word' id='word_1_74' title='bbox 1272 1310 1477 1386; x_wconf 74' lang='lat' dir='ltr'>potestatem</span> <span class='ocrx_word' id='word_1_75' title='bbox 1504 1307 1705 1408; x_wconf 80' lang='lat' dir='ltr'>appellant)</span> 
     </span>
     <span class='ocr_line' id='line_1_10' title="bbox 356 1404 1707 1508; baseline 0.001 -31"><span class='ocrx_word' id='word_1_76' title='bbox 356 1404 402 1477; x_wconf 89' lang='lat' dir='ltr'>de</span> <span class='ocrx_word' id='word_1_77' title='bbox 422 1407 539 1479; x_wconf 84' lang='lat' dir='ltr'>cauffls</span> <span class='ocrx_word' id='word_1_78' title='bbox 558 1406 771 1508; x_wconf 85' lang='lat' dir='ltr'>litigantium</span> <span class='ocrx_word' id='word_1_79' title='bbox 785 1404 961 1507; x_wconf 79' lang='lat' dir='ltr'>cognoscit</span> <span class='ocrx_word' id='word_1_80' title='bbox 980 1438 990 1482; x_wconf 74' lang='grc' dir='ltr'><strong>ε</strong></span> <span class='ocrx_word' id='word_1_81' title='bbox 1015 1408 1133 1506; x_wconf 88' lang='lat' dir='ltr'>estque</span> <span class='ocrx_word' id='word_1_82' title='bbox 1150 1410 1187 1482; x_wconf 91' lang='lat' dir='ltr'>in</span> <span class='ocrx_word' id='word_1_83' title='bbox 1206 1408 1368 1482; x_wconf 86' lang='lat' dir='ltr'>civilibus</span> <span class='ocrx_word' id='word_1_84' title='bbox 1387 1409 1615 1505; x_wconf 82' lang='lat' dir='ltr'>atqueetiam</span> <span class='ocrx_word' id='word_1_85' title='bbox 1641 1409 1707 1483; x_wconf 87' lang='lat' dir='ltr'>cri-</span> 
     </span>
     <span class='ocr_line' id='line_1_11' title="bbox 358 1500 1707 1604; baseline -0.001 -26"><span class='ocrx_word' id='word_1_86' title='bbox 358 1502 548 1578; x_wconf 83' lang='lat' dir='ltr'>minalibus</span> <span class='ocrx_word' id='word_1_87' title='bbox 562 1500 742 1604; x_wconf 86' lang='lat' dir='ltr'>supremus</span> <span class='ocrx_word' id='word_1_88' title='bbox 757 1506 876 1596; x_wconf 83' lang='lat' dir='ltr'>judex.</span> <span class='ocrx_word' id='word_1_89' title='bbox 928 1510 1008 1579; x_wconf 90' lang='lat' dir='ltr'>Hos</span> <span class='ocrx_word' id='word_1_90' title='bbox 1025 1500 1180 1604; x_wconf 84' lang='lat' dir='ltr'>sequitur</span> <span class='ocrx_word' id='word_1_91' title='bbox 1197 1502 1348 1601; x_wconf 74' lang='lat' dir='ltr'>Subaffius</span> <span class='ocrx_word' id='word_1_92' title='bbox 1365 1558 1377 1586; x_wconf 88' lang='lat'>‚</span> <span class='ocrx_word' id='word_1_93' title='bbox 1400 1503 1502 1577; x_wconf 90' lang='lat' dir='ltr'>idest</span> <span class='ocrx_word' id='word_1_94' title='bbox 1519 1549 1531 1585; x_wconf 85' lang='lat'>‚</span> <span class='ocrx_word' id='word_1_95' title='bbox 1557 1502 1707 1603; x_wconf 83' lang='lat' dir='ltr'>Justitiae</span> 
     </span>
     <span class='ocr_line' id='line_1_12' title="bbox 352 1597 1707 1702; baseline 0.001 -31"><span class='ocrx_word' id='word_1_96' title='bbox 352 1601 559 1698; x_wconf 68' lang='lat' dir='ltr'>praesestus,</span> <span class='ocrx_word' id='word_1_97' title='bbox 614 1605 649 1675; x_wconf 92' lang='lat' dir='ltr'>ui</span> <span class='ocrx_word' id='word_1_98' title='bbox 670 1607 768 1676; x_wconf 72' lang='lat' dir='ltr'>noste</span> <span class='ocrx_word' id='word_1_99' title='bbox 791 1600 909 1702; x_wconf 86' lang='lat' dir='ltr'>praeest</span> <span class='ocrx_word' id='word_1_100' title='bbox 932 1648 945 1685; x_wconf 85' lang='lat'>‚</span> <span class='ocrx_word' id='word_1_101' title='bbox 971 1597 1142 1674; x_wconf 89' lang='lat' dir='ltr'>insontes</span> <span class='ocrx_word' id='word_1_102' title='bbox 1161 1602 1305 1700; x_wconf 84' lang='lat' dir='ltr'>inquirit</span> <span class='ocrx_word' id='word_1_103' title='bbox 1328 1647 1339 1684; x_wconf 87' lang='lat'>‚</span> <span class='ocrx_word' id='word_1_104' title='bbox 1365 1599 1555 1674; x_wconf 81' lang='lat' dir='ltr'>carceribus</span> <span class='ocrx_word' id='word_1_105' title='bbox 1576 1605 1707 1673; x_wconf 85' lang='lat' dir='ltr'>manci-</span> 
     </span>
     <span class='ocr_line' id='line_1_13' title="bbox 354 1627 1705 1795; baseline 0.001 -27"><span class='ocrx_word' id='word_1_106' title='bbox 354 1720 440 1795; x_wconf 88' lang='lat' dir='ltr'>pat,</span> <span class='ocrx_word' id='word_1_107' title='bbox 468 1701 563 1771; x_wconf 86' lang='lat' dir='ltr'>Cadii</span> <span class='ocrx_word' id='word_1_108' title='bbox 580 1627 762 1773; x_wconf 58' lang='lat' dir='ltr'>intentio</span> <span class='ocrx_word' id='word_1_109' title='bbox 780 1698 975 1774; x_wconf 85' lang='lat' dir='ltr'>executioni</span> <span class='ocrx_word' id='word_1_110' title='bbox 993 1698 1160 1780; x_wconf 82' lang='lat' dir='ltr'>mandat,</span> <span class='ocrx_word' id='word_1_111' title='bbox 1186 1701 1225 1772; x_wconf 88' lang='lat'>&amp;</span> <span class='ocrx_word' id='word_1_112' title='bbox 1249 1697 1417 1770; x_wconf 87' lang='lat' dir='ltr'>ultimum</span> <span class='ocrx_word' id='word_1_113' title='bbox 1435 1692 1643 1794; x_wconf 86' lang='lat' dir='ltr'>supplicium</span> <span class='ocrx_word' id='word_1_114' title='bbox 1659 1694 1705 1770; x_wconf 87' lang='lat' dir='ltr'>li-</span> 
     </span>
     <span class='ocr_line' id='line_1_14' title="bbox 355 1792 1706 1965; baseline 0.001 -100"><span class='ocrx_word' id='word_1_115' title='bbox 355 1796 586 1965; x_wconf 56' lang='grc' dir='ltr'>ῗοιῇἔῗρεη</span> <span class='ocrx_word' id='word_1_116' title='bbox 608 1796 653 1867; x_wconf 90' lang='lat' dir='ltr'>de</span> <span class='ocrx_word' id='word_1_117' title='bbox 672 1798 739 1869; x_wconf 93' lang='lat' dir='ltr'>reis</span> <span class='ocrx_word' id='word_1_118' title='bbox 757 1792 873 1870; x_wconf 88' lang='lat' dir='ltr'>sumit.</span> <span class='ocrx_word' id='word_1_119' title='bbox 925 1796 996 1868; x_wconf 89' lang='lat' dir='ltr'>Hic</span> <span class='ocrx_word' id='word_1_120' title='bbox 1014 1820 1036 1866; x_wconf 79' lang='lat' dir='ltr'>a</span> <span class='ocrx_word' id='word_1_121' title='bbox 1053 1797 1202 1869; x_wconf 82' lang='lat' dir='ltr'>Sauiacco</span> <span class='ocrx_word' id='word_1_122' title='bbox 1219 1793 1463 1876; x_wconf 82' lang='lat' dir='ltr'>constituitur,</span> <span class='ocrx_word' id='word_1_123' title='bbox 1490 1795 1634 1891; x_wconf 85' lang='lat' dir='ltr'>ejusque</span> <span class='ocrx_word' id='word_1_124' title='bbox 1651 1818 1706 1866; x_wconf 82' lang='lat' dir='ltr'>ar·</span> 
     </span>
     <span class='ocr_line' id='line_1_15' title="bbox 382 1913 463 1962; baseline 0 0"><span class='ocrx_word' id='word_1_125' title='bbox 382 1913 463 1962; x_wconf 85' lang='lat' dir='ltr'>rtno</span> 
     </span>
     <span class='ocr_line' id='line_1_16' title="bbox 355 1986 1637 2090; baseline 0 -28"><span class='ocrx_word' id='word_1_126' title='bbox 355 1987 518 2075; x_wconf 85' lang='lat' dir='ltr'>ditione,</span> <span class='ocrx_word' id='word_1_127' title='bbox 545 1993 584 2066; x_wconf 90' lang='lat'>&amp;</span> <span class='ocrx_word' id='word_1_128' title='bbox 599 1990 706 2077; x_wconf 80' lang='lat' dir='ltr'>facie,</span> <span class='ocrx_word' id='word_1_129' title='bbox 733 2013 877 2090; x_wconf 70' lang='lat' dir='ltr'>ejusque</span> <span class='ocrx_word' id='word_1_130' title='bbox 894 1989 1075 2065; x_wconf 88' lang='lat' dir='ltr'>incolis&amp;</span> <span class='ocrx_word' id='word_1_131' title='bbox 1087 1986 1338 2089; x_wconf 80' lang='lat' dir='ltr'>magistratibus</span> <span class='ocrx_word' id='word_1_132' title='bbox 1353 1987 1443 2060; x_wconf 80' lang='lat' dir='ltr'>dicta</span> <span class='ocrx_word' id='word_1_133' title='bbox 1460 1986 1637 2062; x_wconf 80' lang='lat' dir='ltr'>sufficiant.</span> 
     </span>
    </p>
   </div>
   <div class='ocr_carea' id='block_1_3' title="bbox 501 1861 2045 2005">
    <p class='ocr_par' dir='ltr' id='par_1_3' title="bbox 501 1861 2045 2005">
     <span class='ocr_line' id='line_1_17' title="bbox 501 1861 2045 2005; baseline -0.004 -41"><span class='ocrx_word' id='word_1_134' title='bbox 501 1918 548 1965; x_wconf 93' lang='lat' dir='ltr'>uo</span> <span class='ocrx_word' id='word_1_135' title='bbox 571 1917 712 1968; x_wconf 85' lang='lat' dir='ltr'>munere</span> <span class='ocrx_word' id='word_1_136' title='bbox 727 1891 893 2005; x_wconf 84' lang='lat' dir='ltr'>fungitur.</span> <span class='ocrx_word' id='word_1_137' title='bbox 944 1895 1032 1969; x_wconf 86' lang='lat' dir='ltr'>Haec</span> <span class='ocrx_word' id='word_1_138' title='bbox 1049 1891 1095 1963; x_wconf 89' lang='lat' dir='ltr'>de</span> <span class='ocrx_word' id='word_1_139' title='bbox 1121 1890 1229 1967; x_wconf 87' lang='lat' dir='ltr'>Urbis</span> <span class='ocrx_word' id='word_1_140' title='bbox 1249 1890 1470 1985; x_wconf 67' lang='lat' dir='ltr'>Hierofiulymae</span> <span class='ocrx_word' id='word_1_141' title='bbox 1497 1886 1590 1972; x_wconf 82' lang='lat' dir='ltr'>situ,</span> <span class='ocrx_word' id='word_1_142' title='bbox 1618 1914 1705 1963; x_wconf 87' lang='lat' dir='ltr'>con·</span> <span class='ocrx_word' id='word_1_143' title='bbox 1858 1861 1997 1990; x_wconf 35' lang='lat' dir='ltr'>‘iffa&#39;</span> <span class='ocrx_word' id='word_1_144' title='bbox 2041 1935 2045 1946; x_wconf 87' lang='lat'><em>·</em></span> 
     </span>
    </p>
   </div>
   <div class='ocr_carea' id='block_1_4' title="bbox 540 2302 1756 2443">
    <p class='ocr_par' dir='ltr' id='par_1_4' title="bbox 540 2302 1756 2443">
     <span class='ocr_line' id='line_1_18' title="bbox 540 2302 1756 2443; baseline -0.007 -31"><span class='ocrx_word' id='word_1_145' title='bbox 540 2304 1321 2412; x_wconf 76' lang='lat' dir='ltr'>sxsnouunrlo</span> <span class='ocrx_word' id='word_1_146' title='bbox 1375 2302 1522 2406; x_wconf 86' lang='lat' dir='ltr'>x1u.</span> <span class='ocrx_word' id='word_1_147' title='bbox 1591 2439 1594 2443; x_wconf 77' lang='lat'><em>.</em></span> <span class='ocrx_word' id='word_1_148' title='bbox 1753 2366 1756 2378; x_wconf 78' lang='lat'><em>.</em></span> 
     </span>
    </p>
   </div>
   <div class='ocr_carea' id='block_1_5' title="bbox 853 2490 1214 2615">
    <p class='ocr_par' dir='ltr' id='par_1_5' title="bbox 853 2490 1214 2615">
     <span class='ocr_line' id='line_1_19' title="bbox 853 2490 1214 2615; baseline 0 -23"><span class='ocrx_word' id='word_1_149' title='bbox 853 2503 953 2615; x_wconf 75' lang='lat' dir='ltr'>Qu</span> <span class='ocrx_word' id='word_1_150' title='bbox 985 2490 1033 2587; x_wconf 85' lang='lat' dir='ltr'>di</span> <span class='ocrx_word' id='word_1_151' title='bbox 1065 2523 1214 2593; x_wconf 79' lang='lat' dir='ltr'>utatur.</span> 
     </span>
    </p>
   </div>
   <div class='ocr_carea' id='block_1_6' title="bbox 567 2682 1476 2877">
    <p class='ocr_par' dir='ltr' id='par_1_6' title="bbox 567 2682 1476 2877">
     <span class='ocr_line' id='line_1_20' title="bbox 567 2682 1476 2877; baseline -0.009 -49"><span class='ocrx_word' id='word_1_152' title='bbox 567 2688 976 2873; x_wconf 84' lang='lat' dir='ltr'>Evangeliunt</span> <span class='ocrx_word' id='word_1_153' title='bbox 1000 2738 1109 2873; x_wconf 87' lang='lat' dir='ltr'>per</span> <span class='ocrx_word' id='word_1_154' title='bbox 1132 2682 1476 2877; x_wconf 86' lang='lat' dir='ltr'>Apostolos</span> 
     </span>
    </p>
   </div>
   <div class='ocr_carea' id='block_1_7' title="bbox 392 2912 1667 3610">
    <p class='ocr_par' dir='ltr' id='par_1_7' title="bbox 392 2912 1667 3612">
     <span class='ocr_line' id='line_1_21' title="bbox 392 2912 1667 3195; baseline -0.005 -33"><span class='ocrx_word' id='word_1_155' title='bbox 392 2912 1667 3195; x_wconf 80' lang='lat' dir='ltr'>AMERICANIS</span> 
     </span>
     <span class='ocr_line' id='line_1_22' title="bbox 823 3230 1528 3610; baseline -0.02 -3.055"><span class='ocrx_word' id='word_1_156' title='bbox 823 3242 1221 3612; x_wconf 57' lang='lat' dir='ltr'><em>W</em></span> <span class='ocrx_word' id='word_1_157' title='bbox 1245 3230 1528 3606; x_wconf 49' lang='lat' dir='ltr'>uun.</span> 
     </span>
    </p>
   </div>
   <div class='ocr_carea' id='block_1_8' title="bbox 350 3672 1705 4006">
    <p class='ocr_par' dir='ltr' id='par_1_8' title="bbox 350 3672 1705 4006">
     <span class='ocr_line' id='line_1_23' title="bbox 350 3672 1705 3808; baseline -0.006 -14"><span class='ocrx_word' id='word_1_158' title='bbox 350 3723 385 3794; x_wconf 83' lang='lat'>1.</span> <span class='ocrx_word' id='word_1_159' title='bbox 401 3712 625 3808; x_wconf 70' lang='lat' dir='ltr'>Controversia</span> <span class='ocrx_word' id='word_1_160' title='bbox 634 3713 763 3801; x_wconf 77' lang='lat' dir='ltr'>statut,</span> <span class='ocrx_word' id='word_1_161' title='bbox 787 3718 833 3793; x_wconf 65' lang='lat'>&amp;⁹</span> <span class='ocrx_word' id='word_1_162' title='bbox 850 3717 1013 3794; x_wconf 65' lang='lat' dir='ltr'>nouandi</span> <span class='ocrx_word' id='word_1_163' title='bbox 1028 3719 1125 3792; x_wconf 75' lang='lat' dir='ltr'>ratio.</span> <span class='ocrx_word' id='word_1_164' title='bbox 1177 3718 1230 3790; x_wconf 87' lang='lat'>11.</span> <span class='ocrx_word' id='word_1_165' title='bbox 1255 3710 1368 3805; x_wconf 81' lang='lat' dir='ltr'>Prisca</span> <span class='ocrx_word' id='word_1_166' title='bbox 1392 3712 1554 3788; x_wconf 80' lang='lat' dir='ltr'>vaticinia</span> <span class='ocrx_word' id='word_1_167' title='bbox 1571 3672 1705 3786; x_wconf 79' lang='lat' dir='ltr'>uiuiver·</span> 
     </span>
     <span class='ocr_line' id='line_1_24' title="bbox 397 3812 1705 4006; baseline -0.004 -116"><span class='ocrx_word' id='word_1_168' title='bbox 397 3813 498 3907; x_wconf 81' lang='lat' dir='ltr'>salem</span> <span class='ocrx_word' id='word_1_169' title='bbox 513 3819 649 3890; x_wconf 80' lang='lat' dir='ltr'>onmiuuu</span> <span class='ocrx_word' id='word_1_170' title='bbox 661 3818 849 3913; x_wconf 84' lang='lat' dir='ltr'>populorum</span> <span class='ocrx_word' id='word_1_171' title='bbox 867 3820 1065 3891; x_wconf 76' lang='lat' dir='ltr'>vocatiouem</span> <span class='ocrx_word' id='word_1_172' title='bbox 1072 3816 1272 3912; x_wconf 74' lang='lat' dir='ltr'>pollicemur.</span> <span class='ocrx_word' id='word_1_173' title='bbox 1323 3816 1399 3886; x_wconf 88' lang='grc'><strong><em>111.</em></strong></span> <span class='ocrx_word' id='word_1_174' title='bbox 1424 3816 1566 4006; x_wconf 46' lang='lat' dir='ltr'>mue</span> <span class='ocrx_word' id='word_1_175' title='bbox 1581 3828 1642 3906; x_wconf 86' lang='lat' dir='ltr'>per</span> <span class='ocrx_word' id='word_1_176' title='bbox 1652 3812 1705 3885; x_wconf 76' lang='lat' dir='ltr'>A·</span> 
     </span>
    </p>
   </div>
   <div class='ocr_carea' id='block_1_9' title="bbox 395 3906 1705 4601">
    <p class='ocr_par' dir='ltr' id='par_1_9' title="bbox 397 3906 1705 4011">
     <span class='ocr_line' id='line_1_25' title="bbox 397 3906 1705 4011; baseline -0.005 -24"><span class='ocrx_word' id='word_1_177' title='bbox 397 3910 864 4011; x_wconf 72' lang='lat' dir='ltr'>postolosiuiriopraedicatiom&#39;e</span> <span class='ocrx_word' id='word_1_178' title='bbox 872 3913 1292 4010; x_wconf 61' lang='lat' dir='ltr'>Evangeluaepmgenuam.</span> <span class='ocrx_word' id='word_1_179' title='bbox 1341 3908 1402 3984; x_wconf 82' lang='lat' dir='ltr'>IV.</span> <span class='ocrx_word' id='word_1_180' title='bbox 1524 3931 1561 3982; x_wconf 79' lang='lat' dir='ltr'>ue</span> <span class='ocrx_word' id='word_1_181' title='bbox 1578 3906 1705 3981; x_wconf 79' lang='lat' dir='ltr'>acuri-</span> 
     </span>
    </p>

    <p class='ocr_par' dir='ltr' id='par_1_10' title="bbox 395 4007 1702 4106">
     <span class='ocr_line' id='line_1_26' title="bbox 395 4007 1702 4106; baseline -0.003 -22"><span class='ocrx_word' id='word_1_182' title='bbox 395 4007 447 4095; x_wconf 83' lang='lat' dir='ltr'>sto</span> <span class='ocrx_word' id='word_1_183' title='bbox 465 4036 504 4082; x_wconf 86' lang='lat' dir='ltr'>ea</span> <span class='ocrx_word' id='word_1_184' title='bbox 525 4013 888 4106; x_wconf 74' lang='lat' dir='ltr'>deurodataprovincia</span> <span class='ocrx_word' id='word_1_185' title='bbox 902 4010 955 4096; x_wconf 71' lang='lat' dir='ltr'>est.</span> <span class='ocrx_word' id='word_1_186' title='bbox 1005 4011 1044 4088; x_wconf 89' lang='lat' dir='ltr'><em>V</em></span> <span class='ocrx_word' id='word_1_187' title='bbox 1040 4061 1051 4083; x_wconf 88' lang='lat'><strong>.</strong></span> <span class='ocrx_word' id='word_1_188' title='bbox 1075 4008 1250 4105; x_wconf 73' lang='lat' dir='ltr'>Adftgnato</span> <span class='ocrx_word' id='word_1_189' title='bbox 1272 4008 1370 4079; x_wconf 86' lang='lat' dir='ltr'>etiam</span> <span class='ocrx_word' id='word_1_190' title='bbox 1397 4025 1537 4101; x_wconf 71' lang='lat' dir='ltr'>ternpore</span> <span class='ocrx_word' id='word_1_191' title='bbox 1555 4030 1615 4104; x_wconf 87' lang='lat' dir='ltr'>quo</span> <span class='ocrx_word' id='word_1_192' title='bbox 1630 4030 1702 4080; x_wconf 83' lang='lat' dir='ltr'>cur·</span> 
     </span>
    </p>

    <p class='ocr_par' dir='ltr' id='par_1_11' title="bbox 397 4101 1705 4198">
     <span class='ocr_line' id='line_1_27' title="bbox 397 4101 1705 4198; baseline 0.001 -18"><span class='ocrx_word' id='word_1_193' title='bbox 397 4105 470 4198; x_wconf 77' lang='lat' dir='ltr'>suun</span> <span class='ocrx_word' id='word_1_194' title='bbox 489 4104 582 4192; x_wconf 77' lang='lat' dir='ltr'>ilium</span> <span class='ocrx_word' id='word_1_195' title='bbox 594 4106 689 4197; x_wconf 75' lang='lat' dir='ltr'>suum</span> <span class='ocrx_word' id='word_1_196' title='bbox 710 4104 932 4197; x_wconf 73' lang='lat' dir='ltr'>absuiiueuium</span> <span class='ocrx_word' id='word_1_197' title='bbox 952 4101 1115 4181; x_wconf 79' lang='lat' dir='ltr'>haberent.</span> <span class='ocrx_word' id='word_1_198' title='bbox 1164 4106 1229 4183; x_wconf 87' lang='lat' dir='ltr'>VI.</span> <span class='ocrx_word' id='word_1_199' title='bbox 1254 4104 1428 4179; x_wconf 82' lang='lat' dir='ltr'>Nimirum</span> <span class='ocrx_word' id='word_1_200' title='bbox 1447 4123 1522 4176; x_wconf 82' lang='lat' dir='ltr'>aure</span> <span class='ocrx_word' id='word_1_201' title='bbox 1545 4105 1705 4181; x_wconf 78' lang='lat' dir='ltr'>excidium</span> 
     </span>
    </p>

    <p class='ocr_par' dir='ltr' id='par_1_12' title="bbox 403 4197 1703 4303">
     <span class='ocr_line' id='line_1_28' title="bbox 403 4197 1703 4303; baseline -0.001 -23"><span class='ocrx_word' id='word_1_202' title='bbox 403 4203 738 4302; x_wconf 65' lang='lat' dir='ltr'>Hierosoly-uminum.</span> <span class='ocrx_word' id='word_1_203' title='bbox 790 4205 876 4283; x_wconf 88' lang='lat' dir='ltr'><em>VII.</em></span> <span class='ocrx_word' id='word_1_204' title='bbox 907 4204 1043 4303; x_wconf 63' lang='lat' dir='ltr'>,Quium</span> <span class='ocrx_word' id='word_1_205' title='bbox 1070 4205 1204 4279; x_wconf 79' lang='lat' dir='ltr'>Douini</span> <span class='ocrx_word' id='word_1_206' title='bbox 1227 4200 1315 4297; x_wconf 73' lang='lat' dir='ltr'>juffis</span> <span class='ocrx_word' id='word_1_207' title='bbox 1346 4197 1491 4299; x_wconf 74' lang='lat' dir='ltr'>Apostoli</span> <span class='ocrx_word' id='word_1_208' title='bbox 1513 4217 1703 4297; x_wconf 71' lang='lat' dir='ltr'>paruerimu-</span> 
     </span>
    </p>

    <p class='ocr_par' dir='ltr' id='par_1_13' title="bbox 406 4297 1704 4402">
     <span class='ocr_line' id='line_1_29' title="bbox 406 4297 1704 4402; baseline -0.007 -22"><span class='ocrx_word' id='word_1_209' title='bbox 406 4301 515 4380; x_wconf 84' lang='lat' dir='ltr'><em>VIII.</em></span> <span class='ocrx_word' id='word_1_210' title='bbox 539 4306 593 4378; x_wconf 81' lang='lat' dir='ltr'>Sic</span> <span class='ocrx_word' id='word_1_211' title='bbox 611 4322 651 4379; x_wconf 81' lang='lat' dir='ltr'>ut</span> <span class='ocrx_word' id='word_1_212' title='bbox 669 4302 841 4402; x_wconf 70' lang='lat' dir='ltr'>Evmgeiii</span> <span class='ocrx_word' id='word_1_213' title='bbox 851 4300 910 4375; x_wconf 83' lang='lat' dir='ltr'>iux</span> <span class='ocrx_word' id='word_1_214' title='bbox 931 4327 993 4375; x_wconf 85' lang='lat' dir='ltr'>uon</span> <span class='ocrx_word' id='word_1_215' title='bbox 1010 4303 1115 4375; x_wconf 81' lang='lat' dir='ltr'>minue</span> <span class='ocrx_word' id='word_1_216' title='bbox 1129 4323 1237 4376; x_wconf 74' lang='lat' dir='ltr'>ornnes</span> <span class='ocrx_word' id='word_1_217' title='bbox 1251 4320 1344 4373; x_wconf 79' lang='lat' dir='ltr'>terre</span> <span class='ocrx_word' id='word_1_218' title='bbox 1359 4315 1467 4393; x_wconf 82' lang='lat' dir='ltr'>partes</span> <span class='ocrx_word' id='word_1_219' title='bbox 1486 4297 1704 4381; x_wconf 66' lang='lat' dir='ltr'>illustraverit.</span> 
     </span>
    </p>

    <p class='ocr_par' dir='ltr' id='par_1_14' title="bbox 404 4392 1704 4601">
     <span class='ocr_line' id='line_1_30' title="bbox 404 4392 1704 4579; baseline -0.01 -99"><span class='ocrx_word' id='word_1_220' title='bbox 404 4399 638 4501; x_wconf 70' lang='lat' dir='ltr'>qmsums</span> <span class='ocrx_word' id='word_1_221' title='bbox 657 4404 759 4486; x_wconf 74' lang='lat' dir='ltr'>radii.</span> <span class='ocrx_word' id='word_1_222' title='bbox 808 4406 878 4482; x_wconf 87' lang='lat' dir='ltr'>IX·</span> <span class='ocrx_word' id='word_1_223' title='bbox 900 4398 1010 4502; x_wconf 71' lang='lat' dir='ltr'>Qud</span> <span class='ocrx_word' id='word_1_224' title='bbox 1017 4396 1115 4579; x_wconf 54' lang='grc' dir='ltr'>ρὲἰίιί</span> <span class='ocrx_word' id='word_1_225' title='bbox 1128 4392 1269 4493; x_wconf 80' lang='lat' dir='ltr'>Ecciesuu</span> <span class='ocrx_word' id='word_1_226' title='bbox 1290 4394 1451 4478; x_wconf 73' lang='lat' dir='ltr'>Doiiures</span> <span class='ocrx_word' id='word_1_227' title='bbox 1468 4400 1593 4496; x_wconf 76' lang='lat' dir='ltr'>egregie</span> <span class='ocrx_word' id='word_1_228' title='bbox 1609 4416 1704 4565; x_wconf 43' lang='grc' dir='ltr'>εἷς</span> 
     </span>
     <span class='ocr_line' id='line_1_31' title="bbox 479 4514 1704 4601; baseline -0.007 -30"><span class='ocrx_word' id='word_1_229' title='bbox 479 4572 498 4601; x_wconf 53' lang='grc'>,</span> <span class='ocrx_word' id='word_1_230' title='bbox 614 4547 616 4551; x_wconf 92' lang='grc'>-</span> <span class='ocrx_word' id='word_1_231' title='bbox 1076 4518 1143 4578; x_wconf 78' lang='lat'>12</span> <span class='ocrx_word' id='word_1_232' title='bbox 1576 4514 1636 4565; x_wconf 85' lang='lat' dir='ltr'>nar</span> <span class='ocrx_word' id='word_1_233' title='bbox 1691 4539 1704 4562; x_wconf 81' lang='grc'><strong>.</strong></span> 
     </span>
    </p>
   </div>
   <div class='ocr_carea' id='block_1_10' title="bbox 0 0 2338 5442">
    <p class='ocr_par' dir='ltr' id='par_1_15' title="bbox 0 0 2338 5442">
     <span class='ocr_line' id='line_1_32' title="bbox 0 0 2338 5442; baseline 0 0"><span class='ocrx_word' id='word_1_234' title='bbox 0 0 2338 5442; x_wconf 95' lang='lat' dir='ltr'> </span> 
     </span>
    </p>
   </div>
  </div>
 </body>
</html>
