4667 5442
479 505 581 615 724
716 441 725 467 ²
853 480 1071 576 Oratio
1107 475 1457 571 Panrcrnrer

455 629 459 635 Ι
479 653 600 733 statio,
630 647 666 722 in
685 646 803 722 medio
819 645 1001 723 castrorum
1013 646 1080 717 Dei
1099 642 1285 718 struebatur
1299 633 1602 723 Tabemaculum,
1629 636 1688 714 cui
1706 641 1824 740 proxi.

481 751 533 823 mi
546 772 626 822 cum
643 742 712 819 suis
731 746 889 820 tentoriis
907 746 1068 825 Levitae,
1095 742 1141 815 ad
1160 742 1345 824 excubias,
1373 762 1466 812 erant
1485 767 1495 813 ι
1521 736 1581 810 reli
1612 762 1679 811 uus
1699 736 1827 813 lsraili·

319 890 321 893 v
389 901 392 905 a
482 866 594 918 tarum
617 847 809 925 exercitus,
837 843 872 915 in
890 864 1040 939 quatuor
1058 838 1208 912 tributus
1224 839 1383 939 agmina,
1410 838 1538 910 circum
1550 837 1606 908 Ta
1632 835 1827 911 ernaculum

484 941 633 1016 tentoria
654 937 858 1012 collocabat.
913 936 987 1012 Ubi
1011 937 1049 1009 in
1076 932 1245 1010 hosticum
1264 935 1362 1007 ituris
1386 933 1442 1005 via
1462 932 1584 1015 invia,
1611 953 1674 1005 aut
1692 931 1828 1031 rapidus

486 1034 640 1114 obstabat
651 1038 788 1118 amnis,
815 1034 854 1107 id
871 1030 932 1107 fibi
952 1034 1123 1130 imprimis
1142 1032 1272 1130 negotii
1294 1025 1409 1103 sumfit
1421 1033 1545 1111 Deus,
1572 1051 1614 1101 ut
1631 1030 1829 1128 complana·

485 1155 538 1209 ret
554 1134 695 1214 omnia,
721 1134 943 1229 &praeeunte
958 1151 1055 1209 arca,
1077 1152 1170 1209 non,
1191 1125 1290 1223 quod
1310 1132 1536 1224 Imperatores
1549 1124 1636 1206 alii,
1665 1126 1826 1224 pontibus

439 1248 449 1295 τ
486 1228 612 1303 fluuios
628 1230 803 1325 jungeret,
831 1223 889 1299 sed
907 1223 1098 1300 incredibili
1113 1223 1274 1321 prodigio
1297 1225 1529 1298 maximorum
1541 1224 1702 1294 amnium
1719 1224 1829 1298 alveos

384 1350 394 1370 ·
485 1346 625 1423 repente
642 1324 794 1419 depleret
816 1371 827 1406 ,
854 1320 1026 1397 consistere
1044 1320 1136 1411 juliis
1152 1322 1253 1417 aquis
1273 1320 1384 1394 donec
1401 1312 1650 1391 tranfinisrllent
1669 1317 1829 1417 legiones·

585 1426 631 1493 At
651 1421 736 1518 quid
756 1443 822 1516 ego
840 1420 1071 1515 nequicquam
1090 1419 1256 1489 orationis
1270 1441 1356 1489 meae
1366 1413 1560 1489 humilitate
1572 1435 1752 1489 tantorum
1764 1417 1826 1488 mi·

486 1514 681 1593 raculorum
694 1514 840 1614 gloriam
860 1515 978 1587 detero
992 1510 1005 1583 ἒ
1032 1513 1117 1585 dum
1134 1514 1257 1611 Regiis
1275 1511 1389 1586 verbis
1405 1507 1586 1609 magnifica
1597 1505 1750 1609 supremi
1764 1500 1837 1584 lle-⁹

488 1617 544 1715 gis
565 1639 587 1684 o
613 1638 668 1686 era
688 1630 860 1708 exponere
889 1609 983 1683 licet.
1034 1613 1168 1708 Regem
1189 1612 1306 1706 itaque
1329 1606 1444 1680 audite
1471 1610 1579 1707 Regis
1606 1603 1660 1680 sui
1683 1609 1827 1685 encoma

490 1639 724 1811 granciloquo
740 1733 800 1781 ore
820 1730 1009 1781 canentem.
1060 1710 1250 1778 Exeunrrc
1270 1712 1435 1778 lsnracu
1468 1730 1517 1777 ex
1538 1706 1742 1788 AEorrro‚
1769 1731 1827 1779 ra·

490 1832 612 1880 sarcia
634 1809 779 1905 Jacoar
802 1832 823 1877 r
846 1828 1060 1877 renuerint
1082 1807 1285 1876 Sermonis
1308 1827 1477 1884 rorum,
1506 1821 1601 1875 τυιτ
1617 1807 1722 1902 Junn
1738 1808 1825 1876 San·

401 1983 405 1991 ,
492 1928 672 1985 curras,
699 1909 838 1975 lsrnec
865 1926 1078 1974 oonrnrurr
1098 1924 1204 1993 eJus.
1257 1904 1380 1973 Vrorr
1402 1923 1512 1973 unna
1542 1924 1593 1972 cr
1623 1923 1835 1990 τιιοτυυιτ,Ἰ

491 2005 698 2100 Jononurs
728 2024 918 2073 orvenrrr
949 2022 1206 2071 retrorsum.
1256 2002 1549 2070 Sursrrrenunr
1580 2021 1744 2071 orontes
1768 2021 1824 2069 tr·

493 2124 569 2173 cur
595 2102 799 2178 Aureus,
829 2119 973 2169 cocras
994 2120 1044 2166 υτ
1069 2118 1262 2167 aurnuns.
1283 2118 1466 2167 recubes.
1516 2098 1626 2185 Quin
1648 2114 1734 2168 rm
1757 2118 1823 2167 rra·

493 2220 571 2278 na,
600 2219 679 2268 cun
705 2218 873 2267 ruernrs
897 2190 911 2263 3
938 2195 1044 2279 Quin
1076 2215 1189 2263 voirs
1224 2193 1425 2273 Montes,
1453 2214 1533 2264 curt
1559 2211 1819 2266 sunsrcrnrrrc

494 2316 547 2367 υτ
576 2316 770 2374 orrares,
799 2314 1024 2382 coccusque
1049 2314 1100 2362 υτ
1130 2312 1324 2361 surnunre
1350 2290 1551 2363 recurres?
1575 2295 1637 2362 An
1659 2310 1821 2364 raason·

452 2376 462 2397 “
494 2410 602 2465 'alan
625 2393 786 2463 Donrnr
808 2411 1094 2461 conrnanrscra
1117 2411 1278 2469 ranna,
1308 2412 1360 2459 no
1386 2407 1657 2460 rnasrnrlnn
1678 2391 1751 2460 Dar
1766 2389 1821 2486 Jr·

397 2549 402 2555 .
495 2510 604 2566 cour,
626 2511 694 2577 ουτ
719 2512 860 2561 num
883 2491 1019 2563 Rurutn
1040 2509 1081 2557 ru
1109 2508 1301 2557 srnenun
1321 2512 1344 2557 n
1360 2508 1553 2577 errcust,
1584 2509 1721 2558 saxurt
1740 2508 1821 2558 aor-

495 2605 721 2658 or‘anrrnun
744 2604 788 2655 1n
815 2607 978 2657 ronrcn
1002 2606 1199 2656 nivonun.

592 2685 643 2751 lta
661 2674 845 2752 suosDeus
863 2683 898 2752 in
912 2673 1089 2778 promissas
1109 2679 1261 2775 patribus
1282 2687 1321 2750 re'
1343 2679 1439 2752 iones
1451 2678 1625 2754 deduxit:
1650 2679 1711 2753 ubi
1728 2698 1819 2778 quun

424 2786 429 2794 '
495 2768 683 2872 superanda
699 2778 903 2848 immanium
923 2776 1103 2872 gigantum
1127 2774 1253 2848 ferocia
1276 2799 1294 2847 e
1321 2796 1383 2858 et,
1410 2779 1448 2849 ὃ(
1474 2778 1717 2877 expugnandae
1738 2772 1819 2849 urbes

496 2868 745 2953 munitissima,
773 2865 936 2965 Josuam,
960 2875 1114 2943 Heroem
1127 2870 1367 2955 fortissimum,
1394 2875 1564 2946 exercitus
1584 2870 1636 2946 sui
1653 2881 1819 2972 lmperato·

494 2992 569 3043 rem
592 2969 717 3040 creavit
735 2995 745 3040 r
771 2966 813 3042 src
829 2990 943 3041 tamen
962 2990 1001 3040 ut
1020 2962 1088 3040 suis
1110 2970 1227 3040 omnia
1240 2967 1395 3067 auspiciis
1408 2971 1481 3070 geri
1494 2966 1570 3066 ipso
1592 2970 1679 3044 latio
1693 2972 1822 3042 demon·

495 3063 622 3139 straret.
674 3068 775 3139 Tunc
802 3066 975 3163 praecipue
998 3088 1108 3161 quum
1134 3064 1344 3167 Jetichuntis
1362 3068 1509 3148 moenia,
1539 3092 1621 3165 quae
1636 3068 1740 3165 prima
1755 3056 1824 3161 ipfis

496 3160 635 3235 urbium
652 3162 688 3232 in
703 3167 873 3235 Cananaea
896 3161 972 3259 post
992 3185 1206 3258 permeatum
1225 3164 1413 3261 Jordanem
1431 3186 1501 3235 erat
1525 3219 1537 3246 ,
1572 3164 1619 3236 ad
1645 3162 1822 3261 clangorem

416 3320 418 3323 ,
497 3256 659 3333 tubarum
673 3261 709 3331 δε
736 3261 916 3334 circuitum
940 3285 1047 3342 arcae,
1073 3259 1168 3333 nulla
1188 3261 1326 3333 admota
1343 3260 1523 3344 machina,
1551 3258 1611 3334 sua
1627 3257 1741 3360 sponte
1753 3280 1827 3332 con-

500 3355 612 3430 cidere
635 3355 754 3446 juffit:
780 3378 946 3453 tantoque
967 3379 1108 3428 caeteros
1125 3378 1252 3428 terrore
1270 3357 1436 3455 perculit,
1464 3380 1503 3431 ut
1520 3360 1642 3450 ejectis
1670 3356 1825 3432 veteribus

500 3451 658 3535 colonis,
686 3455 813 3551 optatis
830 3448 890 3524 srbi
909 3449 1045 3525 sedibus
1056 3450 1147 3526 haut
1163 3453 1346 3527 difficulter
1358 3451 1514 3528 lsra'elitae
1532 3459 1743 3553 potirentur.

593 3549 647 3620 Sic
669 3575 789 3622 omnes
808 3550 916 3648 Regis
959 3570 1046 3623 artes
1057 3550 1172 3647 Regni
1188 3548 1238 3623 sui
1262 3554 1358 3624 initio
1378 3551 1536 3651 praeclare
1554 3555 1719 3651 implevit
1737 3556 1827 3625 neor.

495 3646 622 3740 Neque
635 3648 750 3718 minus
761 3643 794 3717 se
807 3575 998 3719 mirabilim
1009 3645 1044 3715 in
1051 3644 1386 3746 progressupraestitit.
1405 3654 1556 3723 Suorum
1567 3651 1718 3745 quidem
1730 3644 1823 3723 rebel·

496 3738 630 3812 lionem
641 3744 761 3814 acriter
772 3744 1003 3841 quandoque,
1023 3768 1085 3840 per
1098 3744 1398 3835 injuriasavicinis
1418 3744 1549 3830 illatas,
1577 3735 1825 3829 vindicanescd

460 3918 473 3930 y*
497 3843 637 3927 quoties
658 3838 754 3935 prelli
769 3837 1019 3913 calamitatibus
1035 3841 1182 3938 gratiam
1199 3836 1302 3937 ipfius
1324 3866 1496 3941 opemque
1511 3842 1770 3943 implorarunt,
1783 3862 1829 3913 tc·

498 3933 563 4002 ties
577 3937 734 4032 egregios
750 3935 897 4032 publicae
918 3933 1084 4010 libertatis
1098 3936 1251 4012 vindices
1270 3941 1438 4014 concessit.
1489 3943 1583 4028 Qui,
1604 3941 1692 4017 licet
1711 3938 1829 4015 adilloe

498 4030 590 4101 astus
609 4053 688 4100 cum
706 4026 839 4104 summo
859 4028 1032 4129 praeellenr
1051 4035 1221 4131 imperio,
1247 4060 1318 4108 non
1336 4059 1450 4111 tamen
1473 4032 1535 4109 nisr
1555 4039 1721 4130 jadicem
1739 4030 1828 4111 titulo

498 4147 537 4196 ac
557 4123 721 4222 dignitate
741 4125 960 4202 censebantur
978 4156 991 4216 3
1015 4136 1133 4203 Deum
1154 4125 1286 4227 semper
1303 4157 1342 4206 ut
1352 4138 1485 4233 Regem
1497 4158 1716 4210 venerantes.
1764 4122 1845 4206 Μοῖ

499 4243 634 4295 moratu
647 4224 817 4320 imprimis
837 4226 939 4323 digna
959 4223 1036 4299 sunt
1052 4222 1202 4325 generosi
1221 4229 1316 4301 illius
1328 4232 1498 4304 Gideonis
1512 4231 1647 4308 verba:
1670 4234 1828 4331 cuiquam

496 4314 737 4391 hereditarium
755 4324 906 4419 regimen
929 4319 1287 4401 inconsulto'deferret
1301 4328 1474 4425 populus,
1502 4331 1682 4425 Apagite,
1706 4326 1827 4428 inquit·

494 4439 595 4515 neque
611 4439 663 4514 ego
676 4417 866 4495 dominabor
881 4418 991 4518 viba,
1014 4444 1114 4522 neque
1123 4417 1217 4516 filius
1232 4447 1321 4501 meur
1342 4420 1561 4502 amedee
1569 4424 1692 4516 eabe,
1711 4426 1828 4601 feld:
