4667 5442
584 478 682 597 384
791 465 1502 568 ΕΧΕΚΟῙΤΑΤῙΟ
1572 413 1789 562 Χνοῑτζ
1869 409 1900 456 u

578 632 638 703 bar
660 629 811 730 Angelus
829 630 1002 705 Zachariae
1012 654 1175 729 appatens
1188 632 1385 704 addixeram
1402 626 1523 707 altan‘r.
1573 626 1683 720 Qrod
1694 624 1786 699 boni
1802 625 1935 702 ominis

580 725 714 828 fignum
734 731 775 801 ab
790 732 951 802 omnibus
972 728 1040 801 fere
1055 728 1217 825 gentibus
1237 723 1393 799 habitum
1417 726 1493 799 fuit.
1549 725 1642 800 Hine
1656 722 1839 816 notillrma
1858 723 1935 795 illa:

582 833 712 901 Dexter
729 830 824 909 ades,
847 829 885 899 &
904 831 1034 899 Dexter
1054 827 1107 897 adi
1119 829 1200 920 pede
1208 821 1300 911 [τινα
1311 823 1479 911 secundo*
1500 819 1553 898 lbi
1574 819 1936 932 locorum-Angelum

583 924 743 1020 cuiquam
764 946 842 996 eum
862 922 988 995 nuncio
1010 946 1051 1017 ap
1078 917 1224 1000 aruille,
1251 942 1453 1016 nunquam,
1482 940 1651 1016 quantum
1677 917 1856 997 memini,
1884 915 1937 987 vi·

583 1012 658 1089 sum
669 1017 869 1091 auditumve
883 1017 941 1090 est.
993 1025 1031 1089 ln
1046 947 1304 1088 desuetudinem
1318 1040 1408 1088 nunc
1424 1014 1550 1086 abierat
1560 1008 1639 1085 usus
1651 1011 1809 1098 Urim&
1820 1017 1937 1086 Tum·

584 1115 696 1198 mim3
723 1116 783 1212 qui
799 1109 900 1212 prisci
925 1134 1019 1188 erant
1039 1113 1179 1184 Divinae
1207 1110 1397 1183 voluntatis
1419 1118 1635 1207 interpretes.
1684 1105 1824 1182 silebat
1847 1133 1937 1183 nune

582 1215 701 1291 Areae,
729 1235 809 1307 quae
828 1209 923 1281 nulla
943 1230 1035 1288 erat,
1059 1204 1250 1279 otac'ulum.
1303 1206 1480 1296 Quoniam
1502 1227 1615 1277 tamen
1637 1204 1758 1301 magni
1782 1229 1842 1278 res
1860 1229 1939 1277 mo·

583 1307 689 1378 menti
707 1304 886 1380 indicanda
899 1303 1031 1376 homini
1048 1299 1144 1376 sacris
1159 1303 1312 1399 operanti
1326 1326 1419 1385 erat,
1441 1303 1476 1374 in
1489 1297 1600 1374 fando
1619 1295 1715 1398 ipso,
1745 1324 1848 1374 novo
1860 1323 1937 1374 mo·

584 1427 641 1483 re,
670 1402 823 1498 Angelus
837 1422 996 1496 apparet,
1023 1400 1127 1472 illum
1145 1400 1435 1495 praenunciaturus
1445 1396 1644 1495 Angelum,
1672 1396 1937 1494 quimoxeen·

350 1549 353 1555 -
584 1520 665 1570 turo
688 1496 823 1593 Angelo
849 1496 983 1569 foederis
1002 1497 1094 1567 viam
1113 1494 1283 1567 sterneret.

408 1600 580 1668 xvllLCui
685 1597 818 1666 XVlll.
846 1595 1008 1689 Denique
1026 1596 1225 1665 Garnrrrr
1255 1585 1316 1663 sibi
1341 1614 1468 1664 nomen
1498 1583 1561 1662 elle
1587 1589 1725 1666 testatur
1758 1611 1935 1684 com-19.

411 1677 568 1740 ΜΨ·
586 1696 670 1762 Non
693 1689 789 1762 lubet
807 1712 896 1760 nunc
922 1690 956 1760 in
976 1688 1151 1785 prolixam
1176 1686 1219 1757 de
1254 1687 1469 1798 lingelorum
1497 1689 1695 1760 nominibus
1724 1683 1938 1786 disputatio·

316 1795 322 1810 .
409 1754 561 1829 delemur

412 1832 483 1889 nme
500 1810 669 1905 fignenem
688 1809 875 1860 excurrere.
927 1789 1010 1855 Duo
1027 1783 1192 1857 duntaxat
1204 1785 1239 1854 in
1258 1807 1301 1854 us
1322 1807 1400 1879 quae
1420 1781 1623 1867 indubitatae
1632 1786 1852 1857 austeritatis
1864 1781 1937 1857 sunt

409 1900 582 1981 flrarrmfoe.
590 1880 824 1953 voluminibus
843 1882 1089 1961 inveniuntur,
1116 1879 1259 1953 Michael
1277 1880 1440 1951 nimirum
1464 1877 1667 1953 &Gabriel
1715 1886 1775 1952 De
1795 1879 1867 1953 illo
1886 1882 1935 1952 in-

289 2027 291 2034 ·
338 2067 341 2072 Ι
412 1999 492 2042 eum:
514 2000 566 2036 mn
592 1999 686 2075 tegra
705 1978 957 2053 Exercitatione
980 2000 1049 2048 non
1076 1974 1297 2072 indiligenter
1327 2001 1435 2072 nuper
1467 1972 1726 2072 disputavimus.
1786 1981 1848 2048 De
1869 1974 1935 2048 hoe

412 2055 547 2134 ‘ddum'
592 2074 737 2172 paucula
759 2098 847 2146 nunc
869 2070 945 2146 sunt
965 2072 1149 2160 monenda.
1185 2079 1318 2154 but-m
1335 2074 1426 2144 varie
1442 2072 1540 2144 reddi
1561 2069 1660 2147 solet.
1702 2074 1804 2146 Verri
1825 2070 1936 2170 potell

412 2129 563 2271 'mes
591 2173 658 2250 Vir
676 2176 766 2252 Dei,
791 2165 834 2241 sic
854 2191 893 2241 ut
909 2166 981 2267 Jod
1000 2164 1039 2240 [ιτ
1058 2167 1157 2242 litera
1179 2169 1412 2265 paragogica,
1442 2191 1480 2240 ut
1509 2169 1544 2240 in
1565 2164 1730 2276 pnmbn
1750 2170 1937 2250 Melchire·

407 2222 490 2289 w
590 2271 677 2358 del,
710 2291 782 2365 quo
799 2262 1000 2362 significatur
1021 2271 1093 2338 Rex
1104 2262 1241 2359 justitie.
1293 2263 1360 2336 Vel
1377 2267 1502 2346 etiam,
1529 2272 1639 2340 Herus
1654 2290 1741 2339 meur
1757 2264 1933 2350 estDeurr

589 2365 668 2438 deni
697 2389 765 2445 ue,
792 2368 898 2438 virtue
912 2386 985 2435 mea
1007 2361 1049 2446 est
1061 2368 1163 2438 Deua.
1214 2367 1432 2457 Quocunque
1450 2362 1679 2459 interpreteris
1689 2359 1810 2446 sensu,
1839 2385 1937 2436 nota·

589 2482 645 2534 tur
664 2391 796 2557 pemper
816 2458 951 2556 aliquid
965 2460 1062 2554 quod
1081 2459 1217 2555 Angelo
1236 2460 1380 2555 dignum
1401 2456 1457 2529 est.
1511 2461 1570 2534 Vir
1591 2461 1682 2531 enim
1699 2464 1772 2534 Dei
1789 2459 1863 2533 diei
1875 2486 1936 2559 po·

589 2558 675 2639 test,
704 2559 786 2653 quia
809 2553 869 2627 sub
889 2560 958 2627 viri
977 2555 1083 2652 specie
1101 2580 1265 2652 apparens
1289 2558 1359 2629 Dei
1371 2580 1423 2625 res
1444 2554 1535 2651 apud
1552 2553 1711 2628 homines
1731 2555 1875 2655 agebar.
1897 2561 1937 2628 Et

592 2655 751 2749 quamvis
771 2654 935 2748 dignitate
953 2650 1189 2749 potestateque
1213 2646 1291 2721 ellet
1302 2650 1613 2747 praestantiffimus,
1641 2653 1765 2725 lubens
1777 2648 1936 2726 tamense

592 2773 664 2821 non
687 2743 747 2818 nist
768 2744 927 2827 servum,
955 2753 1065 2821 Deum
1090 2770 1208 2818 autem
1239 2754 1365 2819 Herum
1389 2743 1486 2817 suum
1505 2742 1566 2818 elle
1593 2748 1744 2824 fatetur:
1774 2755 1870 2848 eique
1880 2748 1937 2838 seli

594 2866 736 2915 omnem
756 2866 860 2937 quam
883 2840 986 2912 habet
999 2847 1205 2928 virturemac
1223 2843 1414 2938 potentiam
1434 2863 1590 2935 acceptam
1603 2844 1681 2936 fert.
1732 2848 1937 2944 Improbum

537 3027 539 3032 Ι
592 2935 847 3035 superbumque
867 2959 937 3008 tam
961 2934 1077 3031 priscae
1122 2962 1203 3008 uam
1221 2938 1419 3009 recentioris
1436 2939 1573 3013 Babelis
1591 2945 1758 3015 molimen
1780 2943 1863 3026 est,
1897 2966 1938 3018 ex

595 3032 657 3110 suo
700 3029 761 3106 fibi
789 3032 914 3106 robore
952 3038 1068 3105 Deum
1096 2962 1195 3108 lirum
1222 3032 1341 3106 facere.
1376 3032 1495 3118 mbub
1521 3057 1585 3119 m)
1611 3058 1637 3124 tr
1675 3040 1771 3113 Hab.
1815 3063 1936 3117 1:11.

597 3139 644 3208 At
664 3133 769 3228 digna
789 3155 842 3204 res
864 3128 1079 3203 valentillrmi
1109 3128 1156 3203 est
1178 3128 1304 3227 Angeli
1325 3130 1518 3214 modestia,
1546 3135 1584 3206 in
1609 3132 1715 3208 solius
1738 3139 1844 3221 Dei,
1872 3159 1937 3211 nou

595 3229 667 3303 ulla
685 3228 743 3302 sua
766 3228 947 3324 potentia,
975 3224 1126 3325 gloriari.
1179 3231 1276 3301 Haut
1296 3228 1459 3323 equidem
1472 3226 1634 3302 allensum
1654 3235 1821 3331 impetrat
1838 3233 1938 3308 Cele-

596 3327 764 3400 berrimus
793 3332 993 3421 Interpres,
1022 3326 1085 3420 qui
1106 3350 1234 3398 nomen
1254 3321 1401 3396 hornen
1427 3332 1517 3398 unies
1548 3328 1666 3423 Angeli
1683 3335 1857 3426 proprium
1879 3322 1937 3402 erle

596 3418 768 3534 disputat,
795 3415 854 3531 sed
870 3416 1014 3530 omnibus
1029 3418 1222 3534 myriqdibus
1234 3421 1351 3510 sanclis
1368 3448 1547 3534 commuue,
1572 3449 1616 3496 ex
1635 3425 1765 3522 quibus
1784 3452 1875 3501 unus
1886 3425 1938 3499 lo-

520 3633 526 3646 ,
596 3516 1227 3709 resalutati{salte
1241 3515 1939 3718 aare?resersus-glum

600 3711 693 3783 mine
705 3706 811 3781 isthoc
822 3710 883 3781 suo
895 3709 938 3781 ab
950 3708 1026 3781 aliis
1037 3708 1267 3805 distinguitur.
1294 3707 1425 3787 Utihic
1442 3737 1605 3810 quoque:
1635 3720 1702 3810 Ego
1714 3714 1789 3805 sm
1798 3714 1939 3793 Gabriel.

420 3794 500 3867 m·
517 3798 583 3936 Ψ
698 3808 803 3879 ΧΙΧ.
829 3801 1018 3880 Ptaesettlm
1033 3830 1143 3902 quum
1161 3804 1265 3877 addat
1280 3851 1291 3888 ,
1319 3805 1333 3872 ὃ
1347 3801 1514 3900 παριςηκῶς
1523 3806 1643 3878 ierimus
1655 3815 1695 3878 τῦ
1711 3816 1773 3880 ore
1787 3859 1798 3890 ‚
1819 3817 1874 3907 qui
1886 3816 1939 3886 ad·

421 3897 641 4029 {mstfr’sso
654 3926 759 3979 coram
769 3906 852 3979 Deo.
902 3906 1019 3992 Quam
1032 3902 1247 4014 locutionem
1260 3926 1304 3975 ex
1313 3902 1545 3978 Orientalium
1555 3906 1644 3980 aulis
1654 3904 1851 3985 desumtam
1863 3903 1935 3991 elle,

424 4051 512 4089 oram
535 4022 730 4089 nwnorunt
749 4023 838 4072 nunc
857 4023 977 4071 omnes
989 4045 1001 4080 ,
1028 4020 1068 4070 ut
1085 3994 1287 4097 significetur
1316 4002 1569 4112 praecipuorum
1599 4006 1855 4105 &principum
1880 4006 1940 4080 ali·

275 4126 280 4134 ·
424 4108 561 4199 aaran(
600 4098 701 4195 quis,
729 4112 946 4180 :arpenn
973 4111 1145 4179 :2²¹1an
1172 4114 1276 4179 nnn,
1304 4120 1355 4169 utr
1373 4098 1466 4194 apud
1478 4101 1662 4183 Danielem
1674 4100 1721 4176 est
1734 4128 1869 4202 rapx:
1887 4125 1938 4198 13.

417 4181 578 4320 mm
600 4195 671 4304 Hie
691 4192 736 4305 est
753 4191 812 4264 ille
832 4194 1016 4292 Angelus,
1044 4194 1107 4306 qui
1125 4191 1180 4267 bis
1195 4194 1240 4266 ad
1260 4194 1441 4304 Danielem
1458 4190 1574 4268 missus
1585 4243 1596 4279 ,
1623 4199 1738 4294 primo
1760 4196 1825 4299 ipsr
1844 4202 1941 4278 Auri·

423 4336 508 4414 W
521 4340 573 4397 au-
600 4287 738 4374 chrrstr,
765 4282 827 4361 sub
850 4286 992 4459 persona
1009 4290 1194 4404 bntroclti,
1219 4288 1437 4390 mysterium,
1465 4292 1608 4405 deinde
1626 4298 1758 4371 Meister
1778 4298 1940 4411 adventu,

424 4416 525 4492 quere
541 4409 712 4477 ramorte
722 4434 738 4477 r
765 4386 852 4462 bene
878 4410 1009 4487 susque
1030 4389 1111 4464 inde
1135 4415 1175 4466 m
1194 4388 1320 4467 eleetos
1348 4388 1623 4479 redrurdatuns,
1657 4394 1841 4474 revelavit.
1871 4419 1942 4493 cap.

1835 4513 1941 4570 vlu:
