4667 5442
714 483 732 493 -
799 417 876 517 Dr
921 422 1074 517 Vruo
1121 420 1435 516 Tritonooo·
1688 416 1793 543 677

444 576 603 680 undique
615 579 747 656 lumine
763 589 881 683 gratiae
891 633 902 670 ,
930 611 1000 661 non
1018 586 1062 660 ad
1073 588 1260 685 imaginem
1272 584 1368 660 illam
1379 579 1637 658 transformetur
1655 603 1700 654 ex
1710 578 1812 679 glo·-

445 681 499 754 1ia
517 680 552 750 in
572 679 743 779 gloriam,
771 681 853 755 srcut
869 709 930 781 per
941 687 1084 757 Domini
1101 682 1291 782 Spiritum?
1317 687 1391 781 Ego
1401 675 1619 754 asseveranter
1633 702 1789 775 pronun·
1833 685 1840 701 ’

446 778 535 852 ciare
558 801 628 848 non
648 775 802 862 dubito,
830 806 899 853 non
911 775 973 852 elle
984 781 1175 854 illumvere
1185 779 1435 878 Theologum,
1462 802 1523 849 nec
1535 773 1646 847 hilum
1657 798 1790 873 cogno-

444 865 529 946 ville
546 873 591 946 de
606 874 743 946 Divinis
759 874 923 972 mysteriis
934 873 1015 952 sicut
1032 872 1380 975 oporteteognoscere
1390 920 1402 958 ,
1430 874 1574 971 quinon
1590 870 1650 944 ista
1667 872 1789 967 cogni·

443 969 543 1044 tione
566 971 718 1043 veritatis
742 972 957 1069 pollutiones
979 973 1100 1046 mundi
1128 975 1166 1047 &
1188 974 1383 1047 dominium
1404 972 1531 1069 peccati
1551 961 1683 1065 effugit.
1734 971 1789 1040 lta

445 1066 542 1140 enim
557 1065 647 1140 dixit
665 1070 840 1142 Dominus
859 1096 867 1142 :
897 1070 1078 1165 cognosceris
1095 1073 1267 1144 veritatem
1287 1073 1331 1145 (⁹⁸
1341 1074 1464 1143 veritae
1480 1091 1540 1140 vos
1556 1059 1790 1155 liberosfaciet·

445 1159 665 1238 intellectum
682 1164 909 1262 intelligendo
920 1170 1035 1239 omnia
1045 1163 1137 1247 lieri,
1164 1189 1264 1238 vetus
1275 1160 1565 1262 Philosophorum
1576 1162 1712 1235 axioma
1725 1155 1782 1232 est.
1794 1187 1961 1256 gmffim

442 1255 487 1334 1d
505 1258 543 1332 in
558 1260 762 1333 Divinarum
781 1262 933 1336 idearum
954 1262 1245 1360 contemplatione
1265 1262 1476 1360 potissimum
1495 1258 1650 1331 obtinere
1668 1256 1858 1345 Plato-rm
1880 1276 1965 1341 inm.

443 1355 500 1430 uis
511 1353 637 1429 Schola
653 1357 852 1440 contendit,
881 1383 1026 1457 quarum
1046 1357 1185 1433 sublimi
1202 1360 1396 1457 cognitione
1408 1356 1516 1430 homo
1526 1350 1618 1453 quast
1627 1360 1723 1427 Deus
1733 1348 1783 1434 fit,
1793 1359 1844 1430 τὸν
1860 1352 1964 1453 rivipol-

443 1473 616 1552 quantum
634 1452 777 1550 quidem
800 1451 871 1529 fieri
894 1456 1005 1554 potest
1025 1478 1064 1528 ut
1083 1455 1192 1530 homo
1210 1451 1269 1527 fiat
1287 1455 1454 1552 particeps
1472 1454 1611 1525 Divinae
1629 1447 1728 1523 sortis
1746 1450 1841 1531 &aa
1856 1437 1935 1518 laiac

442 1547 681 1631 conditionis,
709 1552 1007 1648 quemadmodum
1028 1551 1255 1650 pulcherrime
1269 1553 1449 1626 Hierocles
1462 1549 1549 1622 olim
1561 1546 1782 1647 loquebatur.
1792 1534 1964 1635 yppapa-

441 1644 514 1722 Sed
532 1646 632 1742 quod
650 1644 871 1746 Philosophia
901 1649 1088 1723 cultoribus
1106 1645 1174 1722 suis
1196 1647 1347 1746 praestare
1368 1673 1438 1721 non
1460 1668 1626 1744 poterat,
1653 1645 1784 1741 quippe
1792 1634 1954 1701 '‘W''
2037 1729 2043 1737 ,

441 1765 516 1818 uon
532 1742 631 1816 aliter
651 1744 692 1816 iis
711 1747 856 1819 Divinas
875 1747 1096 1844 perfestiones
1117 1745 1326 1827 monstrans,
1352 1770 1460 1843 quam
1472 1739 1534 1816 sub
1555 1742 1705 1841 maligna
1721 1765 1824 1833 naq„
1844 1784 1928 1831 com.

441 1859 531 1914 turoe
549 1837 649 1922 luce,
677 1841 713 1912 id
730 1841 928 1941 Theologia
945 1838 1011 1914 suis
1030 1843 1165 1916 abunde
1184 1840 1315 1939 praestat
1335 1888 1347 1925 ,
1373 1845 1517 1915 virtutes
1529 1842 1647 1913 Dei&
1659 1836 1785 1911 Christi
1794 1840 1947 1909 mensariis

442 1935 519 2110 gos
539 1938 819 2034 contemplandas
841 1939 1006 2013 exhibens
1024 1940 1060 2012 in
1079 1937 1344 2036 splendidiffima
1360 1939 1435 2015 luce
1448 1938 1587 2035 gratiae,
1614 1956 1718 2032 atque
1738 1920 1831 2005 ita²d
1848 1937 1937 2010 ΨΜ

484 2058 526 2108 os
541 2032 665 2108 faciens
678 2036 816 2110 Divinae
834 2039 1015 2134 participes
1036 2059 1165 2111 naturae
1186 2067 1195 2114 ι
1230 2036 1282 2110 uti
1326 2037 1380 2110 lus
1398 2059 1505 2133 quam
1522 2031 1702 2110 hominem
1717 2012 1964 2138 spi-{³322}

442 2153 521 2212 rans
537 2138 657 2205 Petrus
676 2132 861 2230 Apostolus
875 2130 1001 2209 scribit.
1052 2139 1149 2209 Deus
1161 2159 1278 2209 autem
1350 2136 1446 2207 (titas
1462 2129 1522 2206 est.
1558 2148 1565 2158 ·
1799 2093 1848 2213 rai
1893 2121 1914 2154 ⁹
1961 2122 1964 2139 ¹

543 2229 760 2302 Sansiitatem
782 2255 893 2329 quum
915 2231 1016 2317 dico,
1040 2232 1115 2321 ejus
1133 2232 1265 2305 ambitu
1276 2235 1418 2315 virtutes
1430 2253 1551 2302 omnes
1564 2224 1788 2325 complestor,

444 2349 554 2442 quam
571 2319 718 2423 singulas
738 2330 865 2425 exequi
884 2353 945 2402 nec
966 2330 1131 2422 temporis
1150 2328 1252 2416 hujus
1272 2352 1334 2402 nec
1353 2326 1422 2400 loci
1439 2324 1499 2401 est.
1550 2323 1642 2396 Coeli
1660 2319 1792 2396 defide-

444 2447 564 2506 rrum,
590 2422 713 2494 mundi
730 2447 923 2498 contemtus
946 2450 957 2509 3
982 2424 1128 2497 infucata
1148 2426 1321 2524 gravitas3
1345 2419 1403 2497 sua
1418 2421 1538 2497 sedulo
1555 2443 1659 2517 agens
1672 2420 1794 2493 alienis

447 2517 567 2598 senon
586 2521 744 2617 ingerens
764 2519 951 2608 modestia3
976 2520 1019 2592 de
1040 2515 1164 2619 seipso
1188 2522 1326 2596 modice
1345 2522 1388 2594 de
1399 2520 1474 2595 aliis
1491 2520 1650 2617 praeclare
1668 2513 1791 2590 sentire

447 2617 577 2694 docens
596 2614 797 2705 humilitas3
846 2621 912 2693 acis
925 2642 995 2690 non
1011 2619 1124 2693 minus
1143 2642 1250 2717 quam
1267 2620 1419 2693 veritaris
1427 2615 1614 2691 retinendas
1624 2608 1793 2689 studiosus
1906 2659 1913 2670 ι

448 2717 607 2800 tuimus3
632 2714 765 2791 fervens
783 2644 881 2790 zeius
901 2716 1024 2791 blanda
1044 2715 1185 2791 lenitate
1205 2737 1439 2816 temperatus3
1464 2714 1569 2812 longa
1590 2712 1793 2803 injuriarum

447 2815 486 2890 de
504 2813 736 2888 convitiorum
748 2817 936 2913 patientia3
960 2814 1111 2913 prudens
1128 2836 1199 2889 tam
1220 2839 1333 2889 rerum
1343 2812 1569 2912 gerendarum
1581 2832 1794 2909 quamcom·

449 2909 565 2985 modae
585 2915 829 3007 oportunitatis
850 2909 1130 3011 circumspestioa
1167 2912 1278 3010 rigida
1300 2908 1350 2984 sui
1371 2912 1521 2986 exaurir
1549 2906 1710 3001 ἀκρίβεια,
1730 2899 1791 2976 sed

448 3004 559 3083 multa
577 3005 735 3082 fratribus
756 3010 955 3085 condonans
979 3009 1122 3084 facilitas
1140 3035 1152 3095 3
1177 3013 1215 3081 &
1230 3034 1310 3105 quae
1330 3008 1430 3103 plura
1451 3005 1495 3077 ad
1521 3004 1702 3105 augustum
1723 2999 1791 3072 hoe

446 3099 647 3200 choragium
660 3108 852 3200 pertinent,
869 3105 941 3180 haec
959 3104 1035 3176 sunt
1055 3129 1135 3200 quae
1152 3103 1380 3200 Theologum
1399 3126 1470 3174 non
1482 3119 1649 3173 exornant
1667 3097 1790 3177 modo,

445 3195 506 3276 sed
526 3196 717 3272 &faciunt
767 3198 919 3271 Ostende
948 3197 1035 3273 mihi
1063 3201 1177 3272 virum
1199 3200 1261 3294 qui
1288 3196 1480 3270 coelestibus
1508 3191 1793 3268 meditationibus

443 3297 622 3372 intentus,
649 3318 719 3367 non
734 3292 858 3376 barba,
886 3319 955 3369 non
974 3314 1056 3392 toga
1072 3294 1275 3391 gravitatem
1289 3289 1442 3373 simulat,
1469 3286 1528 3364 sed
1547 3290 1591 3364 ad
1601 3284 1795 3386 superna&

442 3409 574 3468 eterna
593 3385 779 3473 anhelans,
806 3389 954 3465 divitum
999 3391 1170 3463 avimenta
1187 3387 1277 3462 ridet
1303 3393 1341 3465 &
1360 3410 1471 3462 totam
1484 3414 1562 3462 cum
1580 3410 1664 3460 auro
1684 3387 1722 3458 δι
1739 3409 1794 3459 ar·

446 3507 557 3592 gento
576 3482 638 3560 suo
657 3507 803 3563 terram:
831 3490 894 3586 qui
911 3415 1131 3588 sospitatoris
1149 3484 1276 3562 Christi
1287 3488 1395 3587 gratia
1415 3491 1453 3562 δι
1472 3484 1694 3560 inhabitantis
1718 3482 1795 3555 ani·

444 3609 508 3664 mo
521 3585 642 3658 Divini
654 3587 799 3682 Spiritus
814 3582 985 3660 consortio
1000 3605 1192 3667 contentus,
1207 3607 1330 3659 omnes
1340 3584 1590 3658 mundanarum
1601 3581 1794 3654 vanitatum

444 3681 625 3760 illecebras
646 3707 689 3756 ex
707 3681 778 3756 alto
791 3679 955 3781 despicit,
982 3708 1053 3758 non
1071 3681 1316 3780 voluptatum,
1345 3706 1415 3755 non
1429 3705 1538 3779 opum
1556 3725 1568 3763 ,
1596 3702 1666 3753 non
1679 3672 1795 3750 hono·

445 3801 526 3858 nrm
541 3779 687 3854 avidus:
716 3782 778 3877 qui
799 3784 989 3856 animarum
1009 3804 1097 3854 curae
1114 3783 1151 3853 &
1174 3778 1351 3877 spirituali
1370 3776 1498 3852 Christi
1518 3800 1626 3876 regno
1645 3772 1791 3858 tuendo,

448 3877 712 3978 promovendo,
739 3874 983 3976 amplificando
996 3898 1110 3953 totum
1119 3874 1381 3976 seimpendens,
1397 3878 1564 3974 omnique
1574 3897 1678 3972 opera
1691 3875 1795 3970 Spar·

446 3993 521 4050 nm
539 3998 644 4074 quam
666 3979 780 4049 nasius
794 3974 842 4049 est
860 4000 983 4050 ornans
1004 4022 1016 4060 ,
1049 3972 1137 4049 nihil
1157 3973 1236 4048 foro
1257 4020 1269 4059 ,
1296 3971 1384 4048 nihil
1404 3996 1555 4072 campo,
1582 3968 1671 4045 nihil
1691 3968 1794 4044 curiae

446 4069 578 4157 debera
603 4067 691 4145 nihil
710 4073 828 4148 officio
849 4071 1017 4172 advigilat
1038 4118 1049 4157 ‚
1077 4071 1174 4146 nulla
1194 4071 1297 4147 rostra
1342 4091 1565 4168 raeoccupat,
1592 4066 1687 4142 nulla
1704 4091 1793 4165 prae·

446 4169 536 4244 toria
556 4163 739 4255 observat,
767 4170 938 4245 cancellos
950 4195 1021 4245 non
1039 4168 1180 4255 adorat,
1207 4097 1364 4244 subsellia
1373 4194 1441 4243 non
1453 4166 1653 4249 contundit,
1680 4161 1794 4255 justis-

474 4289 520 4340 ue
538 4259 656 4364 spatiis
675 4263 878 4351 Ecclefiam,
906 4266 1128 4342 Academiam
1149 4268 1342 4342 &Curiam
1354 4262 1610 4346 discriminans,
1636 4258 1796 4361 suggestu

497 4357 562 4444 suo
578 4364 617 4441 δι
632 4361 788 4447 uthedta
810 4367 984 4449 contincta
1008 4366 1071 4467 qui
1092 4389 1166 4462 quo
1187 4363 1291 4439 altius
1306 4365 1345 4442 iu
1364 4353 1652 4466 contemplatione
1671 4354 1793 4465 Coele·

513 4529 517 4535 -
1069 4465 1146 4563 ,Qu
1173 4482 1283 4564 nur
1690 4450 1794 4533 num
