4667 5442
690 524 1450 635 sDrAssrnrrs.
1687 524 1801 649 -165

446 694 577 794 'Almia
595 691 792 796 quaefivere.
844 706 889 772 Et
907 696 983 772 sane
1007 698 1150 772 furtiua
1171 717 1262 771 terra
1280 695 1493 789 frumenti&
1514 687 1625 779 musti,
1651 708 1804 788 terropa·

444 803 492 865 nia
514 800 557 869 d*
575 803 765 876 vinearum,
789 817 880 869 terra
900 798 963 868 olei
979 802 1019 869 θ
1041 797 1144 868 mellis.
1166 821 1200 869 2.
1217 800 1306 893 neg.
1324 818 1457 870 xv111:
1475 814 1531 887 32.

548 898 611 963 IV.
639 900 745 965 Porro
765 918 909 993 regnum
926 893 1016 964 illud
1038 896 1192 966 Nimrodi
1212 894 1246 965 in
1267 890 1393 985 Assyria
1420 892 1501 977 licet
1519 890 1677 963 omnium
1698 887 1799 960 fuerit
1810 902 1861 965 1v.
1890 898 1944 959 Re·

450 989 725 1085 antiquiffimum
745 1037 756 1070 ,
784 989 930 1090 angustis
951 1010 1064 1061 tamen
1084 984 1252 1061 inclusum
1272 988 1336 1060 fuit
1354 987 1548 1069 limitibus,
1576 982 1697 1076 sucum
1710 981 1940 1110 inse-{nument

447 1088 538 1155 cutis
559 1090 806 1181 AEgypriorum,
836 1084 1102 1179 Babyloniorum,
1136 1086 1350 1179 aliarumque
1368 1086 1523 1183 gentium
1546 1084 1697 1180 imperiis
1715 1054 1980 1206 con-8:232&

445 1179 587 1253 feratur.
640 1188 734 1257 Nam
751 1207 830 1279 quae
843 1183 886 1253 de
908 1182 1146 1279 antiquiillius
1158 1179 1460 1277 imperiiAffyriaci
1475 1171 1725 1277 amplitudine,
1753 1176 1797 1247 de
1808 1207 1875 1262 aibas
1894 1205 1948 1259 ⁶5,-

442 1278 678 1359 nominibus,
710 1303 885 1359 numero,
914 1281 950 1350 &
975 1280 1070 1349 annis
1094 1280 1288 1374 primorum
1320 1302 1466 1376 regum,
1502 1274 1682 1368 Africanus
1705 1269 1797 1371 apud
1807 1280 1929 1349 comitti·

442 1371 642 1461 Eusebium,
668 1378 705 1446 &
726 1400 769 1447 ex
789 1400 829 1445 eo
850 1376 909 1446 alii
922 1373 1086 1447 tradunt:
1113 1399 1192 1469 quae
1217 1373 1259 1443 de
1291 1376 1391 1445 rebus
1408 1400 1428 1445 a
1445 1376 1538 1448 Nino
1558 1375 1596 1445 &
1616 1374 1890 1443 semitam-orum·

439 1473 482 1540 de
505 1467 606 1566 gestis
637 1475 805 1562 Diodorm
823 1474 859 1543 &
877 1469 1026 1561 Jollr‘nm
1047 1486 1349 1551 commemorant,
1380 1496 1418 1540 ea
1448 1470 1587 1549 omnia,
1614 1490 1654 1538 ut
1676 1492 1695 1538 a
1713 1467 1796 1539 viris
1958 1470 1962 1477 ’

446 1565 647 1637 (Ιοᾶἰίῑῐῐηὶε
678 1563 893 1638 observatum
909 1566 953 1640 est
976 1614 986 1649 ,
1019 1566 1142 1638 fabulis
1172 1570 1209 1639 &
1235 1568 1439 1639 commentis
1461 1560 1625 1638 accenseri
1643 1563 1794 1637 debente

447 1663 580 1759 quippe
602 1688 680 1759 quae
709 1658 815 1734 solius
847 1661 949 1750 Ctofiae
964 1664 1160 1734 austoritate
1183 1666 1293 1743 nixa,
1322 1668 1427 1736 Sacrae
1443 1660 1591 1733 historiae
1613 1708 1624 1743 ‚
1653 1656 1796 1755 aliisque

444 1760 604 1831 melioris
628 1756 707 1829 fidei
735 1785 772 1830 ac
804 1760 921 1849 judicii
951 1757 1171 1854 scriptoribus
1197 1754 1426 1832 adversantur.
1478 1764 1636 1833 Numero
1659 1757 1794 1830 dicam:

439 1856 574 1950 ingenti
593 1855 772 1925 mendacio
798 1855 874 1925 orbi
899 1855 1034 1926 erudito
1060 1850 1223 1952 imposuit
1235 1853 1371 1944 credar,
1399 1856 1482 1927 dum
1499 1852 1714 1928 vastiffimam
1725 1854 1796 1943 jam

440 1953 559 2023 indea
578 1956 666 2025 Nini
675 1951 889 2048 temporibus
907 1950 1105 2046 Affyrioram
1126 1950 1364 2024 Monarchitm
1384 1948 1494 2050 fingit.
1545 1950 1713 2023 Fabulam
1723 1954 1796 2025 Ni·

438 2071 519 2120 mam
537 2044 699 2120 universae
719 2049 806 2119 inter
830 2051 982 2121 Indos&
1002 2051 1122 2122 Mirum
1145 2071 1242 2119 terrae
1269 2046 1444 2146 imperasse
1466 2095 1476 2128 ‚
1505 2069 1708 2144 tantumque
1727 2050 1794 2118 im-

401 2167 416 2176 ·
446 2148 583 2242 perium
601 2143 743 2241 posteris
765 2139 873 2240 usque
895 2144 939 2214 ad
956 2146 1205 2241 Sardanapalum
1220 2138 1402 2242 reliquiiie.
1453 2147 1577 2240 Syriam
1590 2146 1693 2215 etiam
1707 2146 1795 2215 inter

441 2242 638 2339 provincias
661 2243 733 2329 ejus
755 2242 889 2337 imperii
906 2243 1111 2314 nominarim
1130 2241 1292 2313 referem.
1343 2241 1451 2330 Quod
1472 2266 1516 2313 ex
1535 2238 1792 2315 Sacrahistoria,

443 2364 490 2409 ne
507 2337 549 2407 de
569 2338 713 2409 exoticis
732 2362 821 2408 nunc
841 2338 954 2409 dicam
977 2385 987 2419 ,
1016 2361 1087 2409 ram
1107 2337 1194 2411 clare
1216 2337 1355 2410 refutari
1375 2336 1486 2434 potest
1507 2384 1518 2419 ,
1547 2361 1653 2434 quam
1672 2331 1723 2407 sol
1748 2332 1795 2406 est

441 2430 520 2529 ipsu
542 2434 694 2504 meridie.
745 2434 874 2503 Divina
891 2434 1029 2507 historia
1052 2435 1094 2505 ab
1112 2431 1292 2509 Abrahami
1306 2437 1516 2516 vocatione,
1545 2431 1645 2505 idest
1669 2431 1711 2502 ab
1731 2455 1793 2501 an·
1853 2481 1856 2489 ·

436 2555 487 2603 no
508 2530 561 2600 bis
583 2525 768 2600 millesimo
784 2526 948 2626 vigefimo
968 2534 1095 2613 tertio,
1120 2558 1194 2630 quo
1212 2555 1368 2630 tempore
1384 2534 1566 2604 Serniramr'e
1578 2531 1613 2601 in
1626 2530 1716 2600 vivis
1729 2520 1792 2598 effe

442 2621 604 2706 deflerat,
633 2650 685 2697 res
707 2636 858 2696 cananae
888 2630 925 2699 &
944 2634 1039 2718 Syrio
1061 2628 1219 2703 ostendit.
1271 2628 1387 2700 Multa
1406 2627 1479 2700 illic
1499 2628 1630 2698 mentio
1653 2648 1789 2724 regum,

442 2724 506 2818 qui
525 2724 645 2793 vicinis
666 2722 773 2795 infesti
792 2723 851 2793 au't
876 2724 1044 2796 dominati
1065 2725 1224 2812 fuerunt3
1249 2726 1357 2798 altum
1371 2725 1501 2823 ubique
1514 2720 1682 2795 srlentium
1699 2718 1795 2816 Affy·

436 2826 572 2895 riorum.
595 2823 688 2893 Gen}
702 2844 786 2892 xrv.
812 2843 933 2892 mutua
961 2822 1154 2896 multorum
1182 2846 1304 2920 regum
1327 2821 1419 2895 bella
1441 2840 1698 2894 memorantur:
1722 2843 1793 2916 prae

439 2918 571 2989 caeteris
598 2917 813 2990 Cedorlaomcr
842 2918 1001 2992 laudatur
1023 2948 1033 2994 ι
1067 2921 1122 2993 cui
1143 2920 1252 2992 multi·
1270 2942 1350 2991 tunc
1370 2943 1467 3018 reges
1484 2917 1661 3017 parebant.
1714 2920 1749 2987 T
1751 2940 1792 2986 o-

438 3015 510 3086 tius
529 3017 623 3108 Syrio
650 3017 844 3087 commotio
864 3040 1045 3099 narratur,
1082 3016 1162 3089 inde
1184 3042 1203 3089 a
1228 3014 1323 3113 Togri
1338 3012 1446 3115 usque
1467 3011 1612 3086 adfines
1635 3017 1770 3109 AEgypti
1781 3037 1791 3083 ε

438 3111 718 3208 necquidquam
746 3109 815 3184 sese
837 3138 956 3186 movet
974 3114 1123 3211 Affyrr'm
1143 3113 1267 3188 noster.
1318 3119 1407 3186 Orta
1436 3111 1560 3184 deinde
1585 3108 1664 3182 sunt
1687 3132 1792 3209 regna

434 3213 718 3289 Ammonirarum‚
742 3207 988 3289 Moabitarum,
1013 3218 1248 3289 Joumoomm,
1270 3213 1523 3285 Amorrhaeorum
1551 3260 1562 3294 ,
1590 3206 1792 3281 Amalecr‘ra·

436 3330 533 3383 rum,
559 3328 707 3399 quorum
728 3330 825 3402 reges
845 3351 856 3384 ‚
885 3299 935 3375 sui
955 3309 1060 3393 juris,
1089 3307 1134 3376 ad
1151 3308 1347 3397 Euphratem
1367 3300 1477 3399 usque
1503 3302 1673 3373 dominati
1693 3296 1788 3373 sunt:
1867 3328 1869 3331 ·

436 3403 485 3473 de
506 3398 626 3493 Affirii
645 3400 728 3497 jugo
750 3399 916 3473 nefando
937 3405 1079 3499 quidem
1093 3401 1311 3473 audiverunt.
1362 3407 1401 3472 In
1422 3398 1583 3468 omnibus
1602 3396 1702 3469 bellis
1721 3401 1788 3491 Jo-

431 3499 516 3595 suo,
541 3499 576 3569 in
601 3495 703 3568 bellis
723 3501 895 3591 judicum,
920 3498 1038 3570 nullus
1063 3496 1218 3593 Afflrr'm.
1269 3501 1343 3569 Cur
1359 3494 1503 3593 oppreffr
1523 3493 1616 3591 apud
1631 3518 1791 3565 commu-

440 3622 522 3668 nem
541 3596 737 3666 Dominum
756 3596 799 3666 de
816 3596 938 3687 injuria
954 3620 1023 3670 non
1045 3593 1221 3692 conquesti
1239 3590 1344 3666 sunt?
1373 3598 1536 3689 Regnum
1552 3592 1589 3662 in
1611 3585 1721 3663 Israeli
1733 3616 1791 3663 ca·-

437 3692 536 3790 peffit
556 3691 657 3763 Saul:
684 3718 772 3765 mox
795 3696 912 3765 David
927 3695 964 3764 &
981 3695 1105 3766 Salomo
1118 3694 1225 3790 longe
1242 3691 1381 3788 lateque
1405 3690 1638 3762 dominantur.
1693 3686 1791 3778 Quid
1856 3744 1859 3755 .

436 3790 487 3862 ita
511 3787 619 3862 altum
638 3786 743 3862 stertit
763 3787 943 3885 Affyrr'ur?
974 3788 1053 3864 Post
1071 3791 1268 3865 Salomonem
1291 3810 1406 3859 orrum
1426 3784 1471 3857 est
1490 3810 1635 3886 regnum
1661 3792 1790 3860 Dama·

430 3885 527 3977 sciin
548 3891 664 3982 Syria,
689 3880 852 3986 amplum‘
865 3890 902 3957 δι
916 3909 1041 3985 potens
1062 3914 1072 3960 z
1099 3886 1198 3984 quod
1220 3886 1325 3957 crevit
1353 3880 1510 3957 lsra'e'litis
1545 3879 1672 3957 divifis.
1723 3882 1788 3957 Illa

436 3984 503 4055 tria
522 4007 650 4080 regna,
677 3982 825 4071 Isroe‘m,
850 3989 946 4078 Judae
965 3987 1001 4055 &
1018 3988 1133 4079 tyrio,
1161 3982 1398 4081 frequentibus
1420 3976 1537 4054 collisa
1559 3978 1682 4063 bellis,
1709 3981 1789 4053 nul-

435 4079 513 4152 lum
534 4076 695 4175 Affmium
718 4081 902 4153 dominum
929 4105 1111 4179 agnovere.
1163 4082 1254 4153 Vide
1283 4072 1324 4151 [ιε
1354 4079 1501 4151 Schoean.
1534 4074 1686 4151 Biblioth.
1715 4085 1788 4152 Sao.

436 4176 481 4251 Τ.
500 4198 532 4248 2.
545 4195 579 4271 p.
594 4198 698 4267 1030.
734 4178 864 4255 Confer
878 4181 1043 4251 Marsham
1064 4178 1178 4252 Canon.
1197 4178 1312 4250 cirron.
1326 4195 1360 4273 p.
1374 4194 1455 4268 509.
1480 4179 1584 4247 Hom.
1596 4181 1673 4250 Arc.
1688 4180 1786 4251 Noe.

431 4290 473 4371 p.
487 4278 543 4362 89.
564 4275 600 4345 &
621 4298 774 4347 accurate
798 4274 840 4345 de
863 4273 924 4345 hac
937 4302 971 4347 re
991 4270 1204 4348 differentem
1224 4273 1382 4345 clericum
1401 4276 1443 4345 ad
1462 4278 1539 4346 Gen.
1553 4298 1599 4344 x:
1628 4296 1685 4347 10.

540 4373 583 4441 V.
611 4369 727 4443 Postea
754 4397 844 4457 anno
865 4371 1005 4469 Templi
1027 4394 1240 4445 ccxxxrrr.
1270 4369 1403 4467 primus
1421 4374 1457 4441 in
1479 4366 1832 4463 Cifeuphrarenssbmv.
1851 4370 1933 4466 Q

433 4465 640 4567 regionibus
660 4467 818 4548 inclaruit
835 4468 921 4545 Pho!
935 4465 1133 4566 Affiriomm
1149 4473 1253 4645 qum
1283 4468 1345 4569 qui
1359 4462 1585 4546 Isra'e'litidem
1601 4466 1780 4544 invadens,
1794 4467 1927 4601 ἵζ’ἷζζ

1231 4586 1252 4660 3
1692 4584 1786 4641 mer·
