4667 5442
676 505 807 648 on
839 509 1003 606 non.
1056 511 1150 606 rx.
1220 443 1404 607 veis.
1456 508 1546 606 111.
1723 524 1786 635 55

433 699 571 775 conque
602 677 682 776 quis
709 676 838 751 dixerit
870 672 971 761 ‘roob
1003 694 1139 786 torpor
1174 696 1269 761 orm
1296 691 1419 760 torro
1444 692 1525 760 einr
1549 686 1666 757 moer
1691 692 1787 759 orm

435 770 618 857 :eornm
642 792 770 863 ruente
801 771 865 865 thr
894 772 1000 886 'rapo
1025 796 1117 858 treru
1140 770 1261 860 'ruha
1286 792 1410 863 rrnnrv
1460 778 1542 847 ecce
1569 794 1626 866 ego
1643 767 1703 860 fim
1729 795 1786 843 ex.

429 874 535 969 piatio
557 874 659 953 iiius,
681 876 810 969 perinde
830 872 873 957 est
898 898 935 947 ac
950 870 981 964 fi
995 870 1147 964 dixtffir,
1165 872 1228 964 fim
1244 870 1307 968 ipse
1323 872 1407 944 iliius
1427 874 1461 942 in
1479 870 1579 942 lorum
1597 865 1785 963 supposuit,

431 987 472 1040 ur
484 971 667 1065 iniquitates
692 969 760 1061 rjus
774 986 908 1063 portem.
959 970 1063 1070 Qod
1084 973 1168 1043 idem
1187 968 1277 1041 valer
1293 963 1530 1058 acfidixiffer:
1555 989 1610 1062 ego
1629 965 1712 1039 iliius
1722 969 1784 1038 ini.

434 1071 576 1163 quitares
594 1070 626 1136 in
642 1092 693 1139 me
699 1062 851 1160 suscipio:
877 1086 915 1138 ut
931 1068 983 1140 iiie
1000 1091 1109 1139 earum
1127 1066 1331 1160 consequatur
1346 1070 1483 1138 veniant
1897 1146 1901 1151 ,

534 1166 637 1236 XXI.
665 1163 720 1235 Sic
741 1158 870 1261 singula
896 1162 1055 1237 haetenus
1075 1162 1179 1236 verba
1196 1160 1372 1253 sejunctim
1390 1163 1428 1232 &
1452 1158 1538 1235 inse
1558 1157 1870 1253 consideravi-m,
1879 1188 1944 1247 m,

435 1282 515 1332 mus
537 1287 546 1332 τ
572 1284 662 1331 nunc
679 1257 768 1356 quid
789 1262 824 1331 in
838 1263 1052 1334 connexione
1074 1281 1196 1332 notent
1217 1258 1480 1356 expendamus,
1507 1263 1545 1334 δι
1566 1285 1663 1354 Qun
1684 1258 1849 1338 deni-gnis
1867 1265 1938 1343 diffi-

435 1381 506 1454 que
529 1356 655 1429 Paulus
680 1382 905 1440 vorurrnrs,
933 1382 1045 1455 quum
1064 1353 1096 1429 se
1113 1350 1558 1428 anathemaaChrisioheri
1576 1382 1639 1456 pro
1651 1344 1935 1455 Judaeis‘“‘'‘⁸'³⁶“‘

434 1452 594 1528 fratribus
616 1449 685 1526 suis
718 1479 865 1527 orere.
918 1462 1034 1551 Atque
1053 1453 1110 1525 hie
1132 1453 1296 1551 quaedam
1322 1448 1545 1550 supponenda
1575 1443 1637 1524 esse
1659 1440 1963 1571 viden-ivffimm

436 1572 515 1631 tur,
542 1572 707 1648 tanquam
732 1549 921 1624 manifestae
942 1551 1122 1637 veritaris3
1148 1552 1215 1623 alia
1234 1550 1392 1623 claranda
1414 1594 1425 1631 ,
1452 1569 1492 1621 ut
1510 1573 1590 1646 quae
1611 1550 1781 1622 variarum
1788 1576 1929 1653 p„„,·„,‚

436 1649 757 1744 interpretationum
780 1649 1031 1746 ambiguitate,
1058 1643 1152 1746 quase
1170 1647 1298 1719 nebuli
1318 1645 1487 1744 quadam,
1515 1646 1676 1719 involuta
1690 1640 1780 1718 sunt.

436 1745 554 1818 Primo
575 1744 719 1840 quidem
735 1744 815 1817 loco
834 1741 1051 1857 perspicuum
1074 1744 1139 1826 est,
1166 1770 1236 1816 non
1257 1738 1402 1842 potuisse
1418 1741 1563 1816 Paulum
1576 1743 1647 1815 ulle
1667 1745 1783 1832 cujus·
1890 1773 1894 1780 ·

438 1864 602 1938 cunque,
631 1836 695 1912 srve
708 1839 887 1925 hominis,
914 1838 981 1914 srve
1002 1866 1140 1925 coetus,
1167 1838 1354 1922 sententie,
1383 1836 1443 1913 nisr
1463 1839 1670 1938 iniquiffima
1691 1840 1783 1929 inju-

440 1936 665 2034 stirlimaque,
693 1938 750 2012 vel
770 1941 922 2013 muneris
939 1938 1033 2013 istius
1053 1963 1128 2038 quo
1150 1937 1356 2037 fungebatur
1369 1937 1536 2037 dignitate
1555 1937 1704 2050 privari,
1721 1934 1781 2011 vel

436 2029 593 2106 Ecclesiae
619 2038 864 2109 communione
883 2063 921 2110 ac
947 2036 1141 2135 privilegiis
1164 2034 1335 2110 interdici.
1385 2034 1486 2108 Nihil
1514 2059 1606 2108 enim
1632 2029 1779 2117 admisit,

441 2157 514 2228 quo
539 2130 575 2203 id
604 2155 802 2208 mercretur.
851 2141 979 2233 Neque
1005 2157 1128 2206 votum
1158 2131 1227 2204 hoc
1253 2132 1335 2206 talis
1391 2153 1501 2204 oterat
1519 2126 1582 2203 else
1606 2127 1781 2204 sententiae

437 2229 714 2304 fondamentum:
729 2256 841 2329 quum
853 2256 998 2303 enrmex
1006 2227 1212 2303 sanitiihmae
1223 2226 1342 2329 profici
1359 2250 1490 2303 seretur
1501 2225 1672 2302 charitatis
1686 2229 1782 2325 prin·

440 2328 558 2424 cipio,
586 2352 659 2423 quo
676 2329 756 2426 plus
775 2329 819 2400 ab
839 2329 1019 2402 ordinariae
1044 2329 1184 2425 pietatis
1203 2327 1325 2400 officiis
1345 2323 1551 2408 recedebat,
1578 2350 1621 2398 eo
1640 2351 1783 2399 venera-

435 2422 597 2497 biliorem
615 2421 727 2521 ipsum
749 2426 940 2508 omnibus,
969 2448 1073 2522 atque
1096 2425 1185 2496 adeo
1210 2422 1414 2523 Apostolatu
1440 2425 1475 2499 di
1502 2425 1635 2496 niorem
1657 2424 1785 2495 efficie-

436 2517 510 2594 bat.
561 2527 668 2593 Porro
696 2524 789 2595 &id
806 2523 966 2606 constat,
994 2523 1089 2596 nulla
1109 2518 1181 2593 fieri
1203 2524 1333 2595 ratione
1381 2524 1454 2594 otu'
1482 2547 1531 2606 e,
1557 2543 1596 2593 ut
1614 2520 1784 2595 Paulusa

441 2624 522 2689 Deo
542 2610 749 2690 adsalutem
768 2643 929 2692 aeternam
942 2622 1090 2701 elesius,
1117 2616 1285 2692 aChristo
1302 2547 1502 2703 reclinatus,
1529 2621 1609 2691 viva
1623 2613 1786 2690 fidemn-

440 2715 610 2811 stantique
632 2713 794 2788 charitate
806 2717 993 2790 redemtori
1010 2713 1072 2789 suo
1088 2714 1290 2800 adhaerens,
1317 2713 1487 2792 salutifera
1511 2713 1606 2790 illius
1624 2736 1784 2787 commu·
1826 2773 1828 2782 .

416 2812 545 2885 'nione
567 2811 715 2886 excidat.
766 2809 907 2887 Etiamsi
925 2808 1082 2912 singulari
1093 2813 1535 2912 aliqua&extraordinaria
1548 2814 1674 2886 mentis
1684 2834 1786 2883 emo·
1879 2802 1885 2815 ’

438 2913 534 2982 tione
553 2932 595 2979 eo
616 2908 778 2993 serretur,
805 2934 845 2985 ut
863 2937 908 2985 ex
921 2911 1115 2985 incredibili
1159 2911 1256 2985 loriae
1277 2913 1416 2986 Divinae
1428 2912 1651 3011 proximique
1666 2932 1785 2981 amore

438 3006 478 3079 id
501 3026 662 3106 optaret,
689 3033 760 3082 non
777 3031 892 3083 tamen
913 3005 1090 3082 verifimile
1110 2933 1180 3093 es,
1208 3009 1267 3093 id,
1292 3008 1348 3082 vel
1365 3010 1498 3107 optanti
1515 3009 1745 3105 voventique,
1767 3028 1788 3077 a

439 3106 522 3176 Deo
539 3099 735 3203 permissum
761 3108 817 3180 iri.
869 3112 954 3195 Quo
973 3108 1066 3180 enim
1087 3107 1263 3181 ardentior
1283 3106 1329 3180 est
1348 3107 1409 3179 ista
1428 3105 1594 3187 charitas,
1623 3128 1665 3175 eo
1680 3107 1715 3175 &
1728 3126 1788 3175 ac·

435 3226 480 3296 ce
508 3204 575 3277 tior
595 3201 642 3275 est
658 3206 762 3286 Deo,
790 3207 827 3276 δι
840 3208 903 3302 qui
917 3204 976 3277 illa
998 3203 1044 3276 est
1086 3204 1249 3285 raeditus,
1281 3228 1323 3274 eo
1341 3197 1573 3275 confirmatior
1588 3198 1635 3271 est
1651 3201 1687 3270 in
1703 3198 1788 3269 bea·

440 3226 567 3371 rirlrma
589 3300 658 3372 Dei
676 3295 766 3382 „sui
793 3301 980 3398 diligentes
1008 3230 1145 3373 insirito
1178 3299 1258 3397 plus
1288 3298 1464 3395 diligentis
1488 3343 1499 3378 ,
1538 3294 1787 3369 reclamatione.

444 3396 594 3475 Tertio,
622 3420 692 3466 non
712 3397 827 3467 minus
841 3395 980 3492 liquet,
1008 3420 1079 3466 non
1093 3389 1187 3491 polle
1207 3393 1303 3466 Pauli
1316 3388 1593 3489 quantascunque
1603 3388 1790 3489 perpessio·

442 3518 507 3566 nes
524 3493 571 3564 im
600 3489 693 3563 robis
714 3491 785 3565 illis
812 3485 1035 3592 reprobisque
1065 3491 1302 3572 redimendis,
1330 3494 1480 3585 Deoque
1505 3488 1786 3574 reconciliandiS,

441 3588 538 3664 &ad
558 3514 665 3661 siem
688 3591 732 3662 ,δι
748 3590 987 3702 poenitentiam
1010 3588 1222 3662 adducendis
1248 3581 1434 3667 inservire,
1469 3583 1598 3659 nedum
1622 3581 1786 3664 sufficere.
1921 3624 1924 3630 ,

440 3690 492 3763 Ea
515 3688 608 3759 enim
626 3686 870 3762 reconciliandi
893 3686 947 3759 vis
967 3688 1006 3760 bc
1026 3687 1177 3786 dignitas
1193 3680 1278 3760 solis
1296 3680 1424 3757 Christi
1446 3683 1591 3776 Domini
1603 3682 1791 3782 perpessio·
1923 3677 1934 3694 '

441 3784 545 3858 nibus
565 3785 763 3882 competit3
787 3810 901 3884 neque
918 3786 953 3856 in
969 3809 1085 3858 earum
1106 3801 1240 3881 partem
1262 3782 1361 3861 ulla,
1416 3779 1612 3852 uantumvis
1635 3775 1791 3852 sanctiru-

442 3906 583 3957 morum
602 3878 810 3962 hominum,
837 3885 938 3955 &ex
963 3881 1180 3979 quantalibet
1206 3877 1369 3951 charitate
1389 3804 1577 3976 suscepta,
1603 3879 1708 3975 pallio
1728 3874 1793 3949 ad·

443 3980 538 4051 mitti
562 3978 668 4075 digna
684 3976 742 4049 est.
793 3983 924 4077 thuo
940 3983 1041 4077 pasto
1064 3977 1213 4075 denique
1234 3978 1272 4047 in
1291 3997 1445 4046 mentem
1465 3972 1573 4047 Paulo
1591 3974 1706 4047 venire
1725 3999 1794 4074 po·
1957 4053 1965 4062 ,

446 4076 543 4159 nuit,
571 4071 623 4148 sui
640 4075 875 4172 qualicunque
906 4074 1119 4148 anathemate
1143 4068 1283 4145 consreri
1309 4065 1382 4143 ulla
1399 4072 1530 4145 ratione
1550 4066 1667 4169 posse,
1694 4070 1796 4170 quod
1897 4107 1912 4132 ν

445 4195 485 4243 ea
504 4197 610 4269 quam
633 4169 788 4245 Christus
804 4197 869 4271 pro
885 4170 1087 4245 hominibus
1105 4165 1211 4242 subiit
1237 4163 1465 4242 exsecratione
1490 4166 1614 4241 fanum
1634 4195 1704 4242 non
1731 4165 1793 4244 fiel

447 4271 583 4354 Quarto
600 4268 682 4344 loco
699 4269 932 4343 incontestatae
950 4268 1104 4341 veritatis
1120 4265 1187 4349 est,
1216 4292 1287 4339 non
1317 4260 1445 4338 licuisse
1471 4265 1579 4340 Paulo
1599 4312 1610 4347 ‚
1639 4291 1796 4364 quacun-

475 4388 519 4433 ue
538 4365 678 4438 demum
698 4366 738 4439 id
755 4362 814 4439 fiat
827 4368 1018 4439 intentione
1038 4411 1049 4448 ,
1077 4362 1272 4464 quidquam
1299 4385 1415 4461 optare
1433 4361 1532 4460 quod
1550 4386 1629 4435 cum
1648 4364 1722 4435 ullo
1736 4361 1796 4437 vel

445 4389 513 4538 suo
524 4462 580 4536 vel
595 4464 837 4563 proximorum
849 4458 990 4541 sunnin
1005 4484 1172 4565 peccato,
1199 4459 1331 4536 nedum
1351 4462 1508 4537 maximo
1524 4458 1794 4560 gravissimoque

1459 4582 1493 4602 ν
1710 4578 1798 4657 pec·
