4667 5442
477 1453 495 1487 a
539 1434 613 1526 teja
653 1429 933 1534 repraesentemus
946 1434 1058 1509 oculis

660 514 720 600 12
914 465 1729 593 Exancrrirrol

653 668 701 737 11.
716 657 888 757 Julir’ri‘am
900 659 1027 736 Christi
1038 661 1271 745 Mediatoris,
1300 685 1368 759 qua
1382 660 1569 735 eleborum
1588 654 1729 734 suorum
1747 656 1869 735 delicta
1891 663 1997 759 tegit,

656 783 787 857 eosque
805 781 921 857 gratos
934 762 972 831 &
984 781 1142 857 acceptos
1155 760 1245 833 Patri
1256 754 1317 830 suo
1330 757 1432 844 sacit3
1456 759 1510 831 uti
1518 756 1607 833 olim
1619 757 1772 857 Jacobus
1784 769 1855 832 'erat
1864 753 1996 842 isaaco,

655 855 798 928 indutus
808 857 932 929 annau
943 854 1052 929 fratris
1060 856 1295 954 primogeniti,
1306 858 1396 926 Dan.
1411 874 1452 928 sir
1465 881 1474 927 t
1488 877 1547 950 24.
1574 859 1643 952 Ap.
1655 874 1725 927 xiii
1738 882 1747 928 r
1762 861 1796 935 8.
1838 859 1902 927 lll.
1913 860 1998 928 San·

654 951 797 1027 llitarem
816 954 854 1025 &
875 951 1041 1035 Gloriam,
1065 976 1134 1049 qua
1160 944 1342 1024 Ecelefiam
1360 972 1477 1032 ornat,
1507 946 1560 1027 Ps.
1577 977 1670 1026 xiv:
1695 974 1753 1042 14.
1780 971 1836 1038 15.
1865 974 1939 1023 cx:
1959 971 1995 1040 3.

654 1045 843 1145 Qudquid
856 1050 950 1124 enirn
967 1047 1123 1123 Christus
1140 1046 1265 1131 habet,
1293 1071 1373 1120 cuin
1393 1043 1541 1121 Ecclesia
1556 1044 1615 1121 sua
1633 1094 1645 1130 ,
1672 1042 1879 1148 singulisque
1896 1044 1997 1119 illius

654 1143 844 1229 membris,
869 1144 1100 1222 liberalissime
1114 1146 1360 1223 communicat.
1410 1148 1464 1219 Eo
1482 1145 1575 1219 enini
1593 1146 1766 1244 pertinet,
1794 1139 1895 1242 quod
1914 1136 1998 1220 fim-
2048 1236 2051 1242 Ι

653 1237 738 1315 brice
759 1240 903 1338 vellium
922 1241 1080 1337 replerent
1091 1241 1253 1338 templum.

752 1333 854 1412 XIV.
881 1333 1325 1505 lmJesdm'pesmviditc
1350 1359 1416 1410 nos
1427 1360 1507 1412 euin
1519 1337 1621 1413 nobis
1630 1336 1676 1412 ad
1685 1335 1835 1412 eundem
1845 1335 1998 1414 modum

1097 1432 1154 1506 dei
1164 1459 1203 1507 ac
1219 1433 1356 1508 devotae
1365 1434 1614 1511 meditationis.
1664 1439 1709 1508 Et
1719 1437 1836 1532 primo
1846 1434 1999 1532 quidem

529 1530 589 1566 Μ’·
616 1574 618 1582 ·
653 1553 693 1604 ut
710 1538 827 1628 Regem
843 1525 1223 1630 magnificentissimum.
1274 1535 1466 1629 Nunquam
1479 1556 1543 1605 nos
1554 1526 1787 1620 offendatejus
1799 1528 1996 1616 humilitas,

651 1629 690 1702 &
708 1628 819 1700 forma
842 1622 950 1707 servi,
976 1651 1101 1721 quam,
1130 1626 1233 1700 nostri
1255 1620 1383 1707 caussa,
1411 1626 1534 1701 lubens
1554 1623 1724 1709 allumsrt,
1751 1629 1789 1700 &
1812 1630 1849 1699 in
1869 1626 1999 1701 diebus

654 1725 762 1800 carnis
779 1720 878 1806 suae,
909 1722 954 1794 ad
969 1721 1114 1797 salutem
1137 1720 1310 1807 nostiam,
1339 1721 1622 1823 circumgellavit.
1671 1723 1787 1797 Etiam
1805 1745 1882 1796 tuin
1904 1722 1998 1797 radii

653 1818 798 1918 quidam
810 1817 997 1910 Maiestatis
1014 1816 1117 1919 ipfius
1137 1822 1369 1901 emicuerunt,
1392 1818 1475 1920 Joh.
1492 1847 1527 1895 r:
1549 1843 1603 1912 14.
1630 1826 1717 1893 Mat.
1737 1845 1834 1894 viii:
1851 1841 1909 1905 27,
1931 1841 1994 1912 31.

649 1922 701 1990 At
717 1914 794 2015 post
812 1939 912 2001 eain,
941 1919 1108 2011 majorem
1127 1914 1328 1991 consecutus
1340 1914 1390 1990 est
1401 1915 1523 2015 gloriae
1534 1912 1753 2016 splendorem
1762 1913 1864 2085 ,sJes
1878 1941 1996 1993 xiix:

648 2018 693 2096 6,
715 2034 751 2105 7.
778 2012 868 2186 Eph.
883 2033 917 2087 1:
934 2037 1004 2096 ao,
1028 2037 1086 2090 21.
1113 2013 1202 2089 Phil.
1215 2033 1270 2089 11:
1286 2035 1328 2105 9,
1348 2035 1405 2089 ιο.
1457 2011 1583 2088 Talem
1595 2037 1674 2085 euni
1683 2033 1773 2111 agno
1789 2037 1918 2097 camus,
1929 2015 1998 2113 qui

616 2109 798 2280 ‘Principi
824 2136 885 2194 us,
912 2110 1093 2212 Regibus,
1115 2111 1415 2210 ,Imperatoribum
1443 2099 1644 2184 Monarchis
1660 2105 1866 2183 immensum
1877 2110 1998 2184 excel·

649 2199 724 2290 lat,
780 2204 1183 2308 'gnusquemnobiscum
1192 2205 1369 2322 quidquid
1382 2209 1418 2281 in
1432 2202 1797 2305 territ'sublimcatque
1810 2206 1996 2304 augustuni

569 2319 577 2332 “
651 2299 722 2387 est,
750 2329 870 2378 omnes
899 2329 942 2375 ue
955 2304 1043 2378 adeo
1056 2303 1243 2378 eoelestium
1260 2327 1443 2402 gemorum
1460 2303 1580 2388 chori,
1607 2303 1722 2377 cernui
1739 2303 1904 2387 adorent,
1931 2329 1998 2377 eo·

469 4096 534 4159 XV.
545 4089 621 4150 Sera·

466 4170 560 4247 phiris,
580 4190 627 4227 cnr

463 4248 504 4320 fic
522 4249 599 4312 diui,

472 4324 544 4400 μ’»
564 4327 599 4389 ⁶⁸

471 4418 548 4476 quor.

649 2396 841 2486 tonassuas
903 2400 1010 2499 pedes
1020 2395 1329 2500 ejiisrleponentes,
1351 2403 1543 2502 Rpomrt
1563 2426 1692 2485 1·0,11.
1721 2429 1765 2476 v:
1786 2423 1842 2484 12,
1860 2422 1916 2493 13,
1934 2423 1994 2496 14.

648 2496 868 2590 Maiestatem
880 2503 954 2593 ejus
965 2500 1013 2571 ita
1024 2522 1261 2583 revereamur,
1288 2517 1456 2572 utcontra
1476 2498 1637 2574 mandata
1649 2494 1751 2597 ipsius
1769 2524 1832 2573 net
1840 2493 1994 2590 hiscere,

651 2618 714 2669 nec
726 2594 835 2680 velle,
863 2589 1254 2697 neccogitaieausimus.
1305 2594 1654 2676 Coniectum.
1705 2603 1824 2672 Portas
1836 2596 1993 2683 urbium,

650 2690 806 2775 aedium,
833 2693 992 2769 cordium
1004 2691 1197 2768 nostrorum
1207 2692 1239 2764 ci
1250 2696 1464 2792 aperiamust
1490 2715 1530 2766 ut
1538 2716 1625 2768 nutu
1636 2720 1675 2767 ac
1687 2694 1800 2768 oculis
1809 2688 1998 2792 suisquid-

652 2785 741 2882 quid
754 2784 917 2863 vitiosum
935 2787 982 2863 est
997 2788 1078 2861 inde
1092 2788 1216 2886 pellat,
1237 2797 1340 2865 Prov.
1364 2815 1434 2862 xx:
1451 2797 1486 2869 8.
1539 2792 1597 2863 nd
1614 2790 1777 2863 thronum
1799 2791 1883 2879 ejus,
1900 2813 2000 2887 quo-
2038 2845 2053 2904 i

649 2876 850 3049 tiescunque
861 2884 963 2958 nobis
978 2911 1077 2985 prece
1093 2883 1272 2958 adeundus
1285 2883 1350 2968 esi,
1379 2881 1526 2958 nonnisi
1544 2885 1660 2957 debita
1678 2886 1784 2957 animi
1799 2881 1999 2960 submissio·

644 2995 783 3052 'neatte
809 3004 926 3065 amus,
955 2977 1131 3056 Hosiir:
1157 3000 1189 3069 5.
1213 2984 1352 3057 Eroti:
1372 3003 1404 3056 1.
1447 2985 1493 3053 Et
1537 2980 1635 3053 uidni
1655 2981 1756 3054 liceat
1774 2982 1900 3066 nobis,
1955 3009 1998 3058 e.

649 3070 773 3148 neioso
785 3076 822 3148 in
839 3076 1055 3151 debellandis
1070 3075 1225 3151 hostibus
1244 3073 1343 3161 nisu,
1369 3077 1414 3152 ad
1430 3006 1571 3152 soliilui
1583 3079 1867 3152 communionem
1877 3006 2000 3181 cdliii.

648 3169 754 3247 rarei-
773 3174 903 3287 quippe
915 3191 1022 3273 quam
1035 3176 1156 3251 victori
1172 3169 1348 3274 promisit,
1365 3173 1432 3273 Ap.
1444 3195 1516 3249 111:
1536 3198 1596 3252 21.
1628 3174 1716 3248 'Sed
1737 3178 1775 3247 &
1792 3178 2001 3254 memineri.
2026 3263 2029 3267 ι

650 3293 750 3358 mus,
771 3271 815 3344 ad
830 3271 981 3347 tribunal
998 3274 1071 3366 ejus
1091 3270 1361 3370 comparendum
1376 3273 1479 3346 nobis
1493 3271 1681 3372 aliquando
1695 3270 1780 3354 sore,
1791 3275 1896 3345 Rom.
1907 3300 1997 3356 riv:

653 3390 712 3442 ιο.
739 3393 775 3444 2.
787 3373 873 3445 Cor.
891 3396 932 3445 v:
956 3394 1011 3445 ιο.
1026 3370 1283 3468 auditamque
1304 3372 1342 3443 &
1362 3366 1688 3445 animadverfionem
1706 3371 1742 3441 in
1761 3365 1873 3442 hostes
1897 3370 1998 3446 futu.

648 3486 723 3534 rain
744 3459 806 3533 esse
818 3468 1037 3546 acerrimam,
1059 3463 1111 3539 Ps.
1125 3493 1155 3538 11
1168 3493 1176 3537 :
1190 3489 1223 3556 9.
1248 3471 1337 3540 Luc.
1354 3493 1444 3539 xix:
1473 3489 1533 3559 27.
1586 3464 1818 3562 Trepidemus
1833 3466 1878 3539 ad
1896 3467 1997 3548 diem

650 3558 710 3629 irae
729 3557 824 3648 ejus:
852 3552 919 3630 sine
943 3582 1041 3632 mora
1057 3562 1200 3631 crimina
1219 3560 1331 3633 nostra
1344 3559 1589 3658 agnoscentes,
1618 3556 1837 3645 confitentes,
1865 3564 1996 3665 deplo-

647 3674 781 3736 rantes,
807 3653 1051 3743 emendantes,
1076 3677 1158 3727 tunc
1176 3657 1211 3728 in
1228 3655 1409 3730 clementia
1422 3656 1651 3757 benignissimi
1664 3656 1788 3749 judicis
1800 3681 1916 3735 tutum
1934 3664 1996 3737 in·

647 3750 782 3824 venturi
793 3773 990 3852 receptum,
1010 3761 1112 3828 Piov.
1130 3779 1282 3828 xxviii:
1297 3775 1356 3845 13.
1407 3756 1571 3867 Denique
1580 3752 1681 3829 soedae
1691 3754 1858 3832 nuditatis
1866 3756 1995 3850 nostrae

648 3848 816 3931 conviffi,
843 3850 941 3922 abeo
960 3849 1060 3923 nobis
1077 3848 1186 3936 velles
1200 3849 1337 3943 justitiae
1357 3848 1610 3950 sanditatisque
1628 3876 1890 3951 comparemus,
1906 3857 1996 3955 qui·

647 3941 713 4015 bus
726 3943 770 4015 ad
782 3942 1066 4034 justificationem,
1080 3943 1378 4043 gldiihcationem,
1394 3947 1517 4023 decore
1525 3975 1741 4032 exornemur,
1757 3955 1825 4049 Ap.
1842 3979 1911 4027 111:
1929 3959 1992 4033 18.

746 4044 831 4113 XV.
858 4041 1043 4140 Postquam
1065 4045 1182 4143 magni
1205 4048 1311 4144 Regis
1327 4044 1429 4118 nostri
1448 4046 1753 4145 incomparabilem
1772 4048 1995 4141 Maiestatem

649 4137 916 4235 contemplando
935 4140 1057 4212 oculos
1071 4145 1294 4241 animumque
1306 4144 1487 4240 pavimus,
1515 4168 1605 4218 nune
1626 4143 1810 4232 satellitium
1831 4146 1996 4220 attenda-

648 4255 725 4309 mus
741 4256 834 4306 tanta
855 4236 1031 4329 Majeliate
1042 4237 1186 4333 dignum
1202 4267 1213 4327 3
1239 4240 1335 4329 cujus
1346 4236 1607 4340 descriptionem
1621 4238 1788 4314 habemus
1797 4240 1883 4316 vers.
1897 4267 1932 4326 2,
1951 4264 1990 4335 3.

647 4330 720 4411 Ubi
746 4354 894 4427 quatuor
920 4330 1158 4412 consideranda
1175 4338 1329 4409 veniunt.
1358 4343 1385 4411 1.
1399 4344 1553 4412 Nomen.
1580 4343 1797 4414 Santram.
1825 4347 1870 4415 11.
1880 4341 1991 4419 Situs.

645 4435 894 4510 Aorririm
922 4458 962 4508 11
991 4457 1175 4512 suranus.
1224 4438 1430 4524 11111111,
1458 4428 1748 4537 earumqueusus.
1799 4443 1863 4514 Ν.
1882 4442 1993 4512 cri-

1902 4560 1997 4615 stol
