4667 5442
633 495 980 592 Hir-ronti
1039 498 1577 599 Hrrnosocrun.
1696 519 1788 629 195

398 727 413 741 .
433 658 515 739 lech
534 684 612 736 cum
625 659 824 734 Abrahamo
835 660 984 747 fecerat.
1006 666 1097 736 Gen.
1113 656 1200 738 ibri.
1228 662 1404 764 Jebusaeos
1418 668 1511 738 enim
1535 659 1629 739 sulse
1644 665 1790 739 Abime-

434 759 529 834 lechi
550 780 722 857 nepotes,
747 782 861 855 neque
874 783 918 829 co
935 762 1076 833 nomine
1094 786 1114 832 a
1132 765 1302 835 Canaanis
1322 760 1417 844 filio,
1445 759 1503 834 sed
1524 763 1567 835 ab
1578 763 1662 836 urbe
1680 773 1788 862 quam

435 857 639 932 incolebant
658 900 669 937 ,
697 876 841 928 vocatos
857 851 936 929 else.
986 864 1095 931 Porro
1114 858 1291 932 Davidem
1310 886 1353 931 eo
1374 859 1499 932 soedere
1518 885 1588 933 non
1608 854 1704 946 fuisse
1722 860 1789 932 ob·

436 951 619 1035 strisbrm,
647 953 789 1049 quando
806 952 876 1041 jam
899 975 974 1025 tum
991 950 1166 1051 sanguinis
1187 955 1251 1028 illa
1271 951 1548 1055 propinquitas,
1584 958 1640 1028 cui
1667 982 1787 1055 pacem
1851 957 1856 964 ’

437 1046 723 1145 securitatemque
742 1050 904 1153 depectus
921 1050 964 1121 ab
984 1049 1181 1122 Abrahamo
1203 1051 1313 1124 furerat
1333 1051 1608 1133 Abimelechus,
1635 1051 1786 1151 longiori

436 1143 596 1220 nascendi
624 1142 708 1219 serie
751 1146 831 1218 esset
855 1148 1030 1242 praeterita
1055 1169 1165 1243 atque
1189 1147 1364 1221 exstincta.
1426 1154 1475 1222 At
1503 1150 1584 1247 quis
1614 1148 1673 1219 det
1708 1154 1786 1219 Do-

436 1243 591 1317 &oribus
611 1242 796 1324 Hebraeis,
819 1240 925 1338 quod
942 1238 1006 1340 ipsi
1022 1238 1163 1315 sumunt
1184 1290 1196 1325 ,
1217 1243 1288 1316 hos
1304 1240 1479 1344 Jebusaeos
1496 1240 1592 1318 suille
1610 1242 1788 1317 Abimele-

438 1338 519 1423 chi,
548 1364 617 1412 non
637 1339 724 1410 alios
746 1337 939 1419 Canaanis,
963 1337 1153 1436 posteros}
1174 1344 1320 1414 Omissis
1337 1343 1444 1438 Igitur
1462 1338 1672 1415 commentis
1685 1339 1788 1411 anili·

438 1436 529 1521 bus,
556 1436 711 1507 dieamus
725 1436 823 1533 quod
836 1458 894 1508 res
907 1434 978 1516 cst,
1002 1435 1172 1602 pudaeos,
1196 1432 1281 1511 ficut
1299 1440 1335 1509 δι
1381 1437 1537 1534 lcrasque
1555 1436 1641 1510 alias
1662 1434 1785 1517 tribus,

436 1532 517 1633 post
535 1527 651 1636 Josuae
673 1526 841 1605 excessum
856 1576 874 1613 ,
897 1526 961 1603 sua
975 1526 1002 1602 Jsr
1029 1533 1039 1602 i
1055 1528 1212 1606 socordia
1234 1463 1399 1605 obstitisse
1417 1581 1431 1617 ,
1466 1557 1572 1632 atque
1585 1533 1700 1618 etiam
1717 1527 1787 1604 suis

439 1630 624 1708 sceleribus
637 1629 850 1725 promeritos
873 1671 887 1707 ,
914 1651 957 1698 ne
982 1652 1109 1700 omnes
1126 1623 1282 1726 ipsorum
1297 1627 1413 1703 hostes
1425 1630 1650 1729 pellerentur.
1699 1633 1787 1700 For·

439 1752 562 1804 tunam
581 1720 776 1825 prosperam
791 1722 970 1822 pollicitus
988 1723 1098 1797 suerat
1116 1729 1215 1799 Deus
1237 1773 1248 1808 ,
1271 1720 1482 1824 fipietatem
1499 1721 1660 1798 adversus
1674 1719 1708 1796 se
1725 1748 1786 1797 co·

439 1826 581 1910 lerent3
607 1825 755 1895 minatus
784 1821 888 1893 etiam
912 1841 989 1893 erat
1009 1816 1154 1894 adversa
1172 1826 1326 1905 omnia,
1362 1820 1388 1894 sr
1408 1821 1469 1895 sua
1497 1817 1579 1914 jussa
1599 1821 1783 1896 violarent.

392 1919 398 1930 ’
442 1928 530 1996 Haec
550 1944 630 1993 vera
646 1917 750 2008 hujus
767 1919 817 1993 rei
836 1911 944 1990 caussa
961 1915 1032 1990 est:
1052 1921 1194 2028 quae&
1208 1914 1337 1993 dserte
1354 1920 1535 2019 assignatur
1556 1918 1705 2014 sud-11:
1722 1941 1782 1992 20.
1889 1913 1900 1923 ⁸

441 2013 643 2094 Manserunt
663 2038 746 2114 ergo
767 2007 916 2114 Jebusaei
940 2058 952 2095 ,
979 2016 1097 2085 invitis
1126 2015 1286 2115 Judaeis,
1308 2015 1351 2091 st
1365 2016 1629 2107 Benjaminitis,
1657 2015 1787 2110 quibus
1800 2067 1805 2088 2

438 2115 542 2190 mixti
559 2114 669 2210 longo
701 2133 859 2209 tempore
877 2109 1026 2184 fuerunt.
1051 2111 1135 2210 Jud.
1154 2136 1196 2187 rc
1215 2137 1277 2188 21.
1295 2118 1332 2187 δε
1349 2137 1448 2187 xix:
1477 2135 1540 2194 11,
1554 2179 1557 2183 .
1573 2134 1628 2183 η.
1662 2116 1785 2183 Donec

440 2211 580 2287 tandem
607 2233 627 2279 a
648 2208 785 2280 Davide
801 2205 1029 2304 pellerentur.
1081 2212 1218 2281 'sotum
1236 2231 1351 2282 autem
1366 2208 1438 2282 hoc
1459 2230 1621 2306 tempus,
1650 2231 1693 2277 ex
1710 2229 1786 2301 quo

440 2303 574 2411 Josua,
603 2303 833 2378 Hebraeorum
850 2300 1011 2377 adversus
1027 2308 1225 2378 Cananaeos
1237 2309 1448 2404 imperator,
1473 2303 1617 2378 deviteae
1635 2304 1786 2399 regionis

409 2479 412 2488 ,
438 2429 541 2504 agros
563 2398 630 2475 suis
647 2395 761 2473 divisit
778 2446 790 2483 ,
817 2397 894 2498 post
911 2424 1025 2570 quem
1048 2396 1209 2504 lsraslitae
1224 2427 1406 2497 nunquam
1421 2402 1586 2477 barbaros
1606 2396 1785 2492 ssoosoly·

437 2508 500 2578 mii
519 2502 639 2591 ejicere
660 2517 868 2593 potuerunt,
895 2521 919 2569 u
934 2520 1002 2593 que
1020 2499 1068 2592 ¹ad
1086 2498 1232 2571 Davidis
1246 2502 1567 2597 expugnationem,
1594 2495 1673 2569 anni
1692 2492 1786 2567 suere

438 2597 622 2698 quingenti
641 2597 678 2668 &
696 2593 924 2692 quindecim,
943 2592 1136 2668 secundum
1147 2595 1327 2670 calctdurn
1335 2595 1474 2695 josephi
1487 2596 1602 2693 Amiq.
1614 2586 1804 2667 Libum*

436 2706 520 2796 cap·
538 2717 636 2864 lllls.
663 2781 775 2862 Poscit
794 2784 857 2860 illa
874 2788 1017 2862 vistoria
1030 2788 1209 2892 Davirsts,
1241 2814 1327 2889 quae
1340 2808 1554 2863 memoratur
1571 2811 1608 2862 2.
1624 2789 1721 2859 Sam.
1745 2810 1782 2859 ν.
1795 2779 1877 2873 vm.
1892 2773 1953 2860 Ρ*

438 2888 594 2987 aliquam
610 2880 760 2969 inspersi·
810 2885 1238 2984 >UrbisHierososymaeduae
1251 2912 1345 2961 crant
1353 2908 1490 2987 partes:
1512 2885 1621 2959 ¹altera
1633 2884 1670 2956 in
1684 2906 1812 2991 mon·2
1832 2931 1895 2988 sam
1942 2965 1945 2969 ,

437 2988 486 3060 tis
510 2980 694 3068 descensu,
723 2981 787 3055 ubi
807 3007 891 3055 cum
910 2981 1513 3086 BmiaminitisltabitabmtJudae13
1537 2983 1573 3055 in
1588 2976 1785 3055 summitate
1795 2974 1906 3082 qiu-„st
1919 2948 1951 2996 γ’

437 3082 570 3164 altera,
597 3082 658 3152 ubi
676 3089 737 3153 ar'x
764 3081 1005 3166 munitissima,
1027 3084 1141 3164 -Sion,
1158 3105 1270 3178 quarn
1296 3077 1436 3155 summo
1464 3106 1544 3154 cum
1559 3075 1908 3176 israelitarumcaecto

437 3179 608 3251 dedecore
621 3175 782 3249 hactenus
799 3175 1190 3276 obtinebanthbusroe.
1240 3178 1431 3275 indignum
1451 3178 1491 3249 id
1508 3175 1637 3249 Davidi
1655 3167 1782 3281 visum,
1795 3152 1965 3291 ““sbfffl

435 3277 501 3374 qui
514 3275 622 3345 totius
634 3269 765 3345 maelis
776 3296 883 3371 regno
895 3267 1095 3344 solemniter
1104 3275 1281 3353 initiatus,
1303 3297 1387 3346 cum
1395 3274 1562 3344 omnibus
1576 3270 1691 3367 copiis
1702 3262 1782 3349 sure,
1793 3253 1883 3369 {⁸22
1904 3252 1946 3367 r:

434 3370 688 3469 Hiemsolymam
700 3390 832 3441 movet.
884 3364 1110 3439 Obsidionem
1120 3367 1272 3440 moliens
1281 3368 1443 3440 ridetuta
1459 3361 1646 3467 Jebusaeis,
1673 3364 1905 3449 muni-mr,

436 3471 577 3543 tionum
597 3462 735 3539 suarum
748 3462 872 3538 fiducia
890 3460 1037 3546 securis,
1060 3466 1104 3537 δι
1116 3486 1247 3537 temere
1259 3463 1487 3546 dicentibus,
1510 3482 1587 3547 mn
1606 3480 1706 3545 mn
1732 3455 1787 3545 Νι)
2004 3525 2013 3538 ,

438 3581 641 3649 Urinam
665 3580 841 3650 ntum
864 3578 980 3673 '1'an
998 3579 1131 3645 mre,
1160 3560 1259 3660 quod
1276 3561 1386 3659 vulgo
1405 3583 1544 3635 vertunt
1567 3606 1579 3643 ,
1606 3585 1666 3632 non
1685 3563 1789 3632 aera·
1962 3605 1967 3614 =

438 3660 487 3738 bie
502 3665 562 3736 huc
579 3659 638 3751 nist
653 3662 824 3734 removeris
843 3685 935 3732 cacos
950 3661 994 3735 (9·
1013 3659 1149 3736 claudos.
1201 3660 1334 3732 Mirum
1349 3683 1441 3758 quas
1470 3684 1515 3732 ex
1533 3656 1789 3755 interpretatio·
1897 3649 1903 3671 ¹

439 3786 484 3836 ne
502 3759 563 3833 ista
581 3758 713 3832 fabulas
732 3783 796 3832 con
823 3751 955 3828 elserint
973 3757 1204 3831 Hebraeorum
1218 3754 1390 3856 Magistri.
1441 3758 1623 3829 Somniant
1643 3752 1710 3826 hos
1723 3777 1790 3826 cae·

439 3882 500 3933 cos
521 3859 558 3929 &
576 3856 718 3929 claudos
740 3855 787 3928 fu'
815 3878 834 3923 e
852 3852 938 3925 duas
956 3855 1147 3953 imagines3
1173 3877 1321 3952 quarum
1339 3877 1409 3925 una
1424 3878 1513 3928 caeca
1532 3850 1686 3927 retulerit
1703 3846 1791 3924 lsra-

439 3979 546 4035 eum,
573 3954 670 4043 cujus
691 3951 783 4025 oculi
801 3953 838 4021 in
854 3947 1021 4023 senectute
1040 3950 1251 4048 caligabant3
1276 3948 1380 4023 altera
1397 3949 1519 4025 clauda
1529 3947 1712 4050 Jacobum,
1726 3948 1790 4046 qui

438 4074 511 4125 uno
523 4050 652 4123 femore
665 4046 889 4123 claudicabat.
941 4050 1015 4119 Has
1029 4048 1198 4145 imagines
1220 4072 1281 4119 ore
1296 4041 1432 4145 gestasse
1452 4045 1565 4120 soedus
1586 4044 1686 4143 quod
1708 4070 1790 4119 cum

440 4143 672 4223 Abimelecho
685 4146 829 4243 ejusque
847 4140 991 4242 posteris
1013 4144 1149 4216 iniverit
1168 4141 1406 4224 Abrahamus,
1434 4142 1478 4214 de
1497 4168 1590 4218 noxa
1608 4166 1677 4215 non
1700 4141 1756 4215 inf
1771 4180 1791 4204 ·

441 4243 561 4318 renda.
611 4239 830 4316 Prohibitum
856 4241 964 4339 igitur
989 4241 1026 4312 vi
1044 4241 1226 4329 juramenti
1242 4235 1335 4311 fuisse
1349 4238 1523 4312 Davidem
1533 4264 1642 4315 arcem
1660 4241 1790 4324 Sionis,

439 4367 524 4441 quae
546 4341 591 4412 ad
611 4337 794 4439 posteros,
821 4361 866 4411 ut
876 4338 993 4427 ajunt,
1020 4334 1238 4422 Abimclcchi
1252 4335 1446 4435 pertinebat
1467 4382 1479 4419 ,
1505 4336 1667 4410 invadere
1685 4381 1710 4420 ,‚
1725 4332 1793 4405 do-

442 4464 507 4522 nce
533 4440 641 4538 captis
658 4434 899 4538 imaginibus,
925 4433 1039 4535 iisque
1060 4434 1206 4604 remgqs
1223 4478 1245 4611 Ξ
1265 4431 1378 4512 soedus
1408 4435 1563 4535 primum
1584 4432 1797 4602 aboleretsueq

1791 2868 1901 2932 ponitur
2032 2915 2035 2926 Δ
