4667 5442
324 475 332 488 ⁹
487 477 565 604 De
608 505 790 604 uuirt
818 505 972 605 Pium
1010 533 1181 605 emen
1217 507 1545 626 Jusrrurca··r·.'
1605 523 1712 643 589

353 695 489 749 tantum
505 674 793 774 promulgatam,
819 670 1049 750 infirmiorum
1063 677 1199 772 gratia,
1226 668 1398 750 servande
1417 681 1515 774 paci,
1543 677 1718 756 &vitano
1765 677 1768 683 '
1846 739 1849 744 .

352 773 410 846 dae
428 766 617 846 offensioni.
668 772 824 871 Ideoque
846 819 858 856 ,
886 793 982 847 extra
1000 769 1103 845 illum
1122 767 1262 853 casum,
1288 768 1374 846 haut
1391 776 1494 847 nimis
1510 774 1626 873 'rigide
1649 800 1706 850 ute

349 867 514 967 gendam.
555 869 648 943 Vide
676 892 710 944 1.
724 875 811 944 Cor.
834 896 883 943 x:
910 891 984 958 19,
1010 885 1071 960 25.
1122 872 1171 943 At
1193 867 1416 965 prostremam
1440 870 1538 944 islam
1562 894 1709 946 centron·

349 961 526 1051 verslam,
565 990 673 1064 quam
706 966 875 1041 malevoli
909 989 955 1042 ex
991 965 1123 1064 Judaeis
1156 964 1277 1039 liberae
1310 961 1466 1040 Ecclesiae
1501 965 1709 1042 Christianae·

348 1060 548 1148 faciebant,
586 1063 638 1135 de.
664 1059 908 1163 Jullificatione
941 1087 986 1136 ex
1011 1063 1221 1138 Cerimoniis
1271 1062 1419 1146 creoda,
1464 1066 1595 1161 ingenti
1619 1066 1701 1138 zelo

346 1164 527 1327 pertrsassat
547 1163 584 1234 in
618 1156 676 1233 sua
698 1159 742 1232 ad
769 1160 910 1234 Galatas
929 1157 1095 1257 Epistola.
1146 1160 1219 1231 Cui
1241 1085 1427 1233 scribendae
1453 1159 1526 1234 lraee
1556 1159 1603 1233 est
1620 1161 1701 1234 data

346 1279 429 1330 occa
443 1280 502 1332 roa

446 1358 586 1429 XXXI.
612 1353 797 1454 Posiquam
823 1353 950 1431 Paulus
978 1378 1105 1452 purum
1135 1350 1261 1428 Christi
1293 1352 1521 1454 Evangelium
1550 1349 1793 1444 fidelittrxxx,
1816 1378 1876 1456 J„¹

345 1450 489 1523 Galatas
512 1447 709 1533 docuisset,
738 1449 1000 1549 supervenerant
1019 1475 1062 1523 eo
1091 1445 1227 1523 absente
1249 1446 1319 1522 falsa
1352 1450 1496 1546 quidam
1517 1451 1873 1535 dostoressta'zamrm

343 1569 466 1620 verum
486 1544 598 1621 semen
619 1545 749 1621 vitiofis
769 1548 993 1647 dogmatibus
1012 1567 1282 1643 corrumpentes.
1335 1547 1515 1619 Docebant
1525 1549 1617 1619 enim
1631 1550 1695 1620 ob·
1703 1554 1805 1656 ‘'js‘'
1818 1555 1861 1592 ⁰⁶·

343 1638 572 1718 servationem
592 1648 871 1719 cerimoniarum
901 1642 1101 1716 Christianis
1124 1645 1230 1716 etiam
1251 1640 1449 1715 hominibus
1472 1669 1544 1716 rem
1563 1640 1627 1717 esle
1648 1630 1823 1741 ad‘ss‘ff‘m

342 1737 616 1829 justificationem
640 1745 676 1813 &
702 1738 845 1815 salutem
875 1737 1150 1838 consequendam
1182 1741 1337 1835 apprime
1371 1735 1597 1816 neeessariam.
1648 1699 1870 1831 Etiam*

286 1935 288 1940 Ι
345 1837 431 1930 quia
449 1838 550 1910 aliam
570 1840 680 1914 Paulo
696 1861 849 1912 mentem
869 1832 932 1908 elle
953 1861 997 1909 ex
1016 1856 1095 1908 toto
1116 1833 1279 1945 dodrirrre
1291 1830 1394 1945 ipsius
1414 1836 1566 1910 insiituto
1578 1838 1690 1934 palam
1699 1838 1739 1894 ad
1746 1837 1880 1932 'Gazara

341 1931 543 2016 constabat,
571 1933 650 2008 hinc
670 1939 905 2010 aueioritatem
926 1933 1022 2007 Pauli
1046 1955 1142 2004 omnr
1169 1931 1418 2004 calumniarum
1442 1936 1479 2006 &
1498 1937 1691 2010 cavillatio-
1702 1912 1828 1992 Eprssom
1849 2011 1853 2020 ,

339 2052 426 2100 num
446 2054 569 2127 genere
586 2032 810 2105 imminutum
827 2030 935 2104 ibant.
988 2023 1204 2101 Consensum
1216 2051 1331 2100 autem
1352 2029 1517 2116 jactabant
1529 2055 1607 2104 cum
1626 2038 1699 2106 Pe·-

340 2145 427 2206 tto,
455 2125 614 2227 Johanne
637 2131 674 2202 δι
700 2129 863 2229 Jacobo,
901 2124 1149 2224 Apostolorum
1174 2120 1242 2196 fine
1269 2123 1381 2197 dubio
1408 2125 1688 2204 celebratislrmia.

339 2221 386 2293 Et
404 2221 569 2307 fortassis,
597 2249 671 2323 quo
693 2225 820 2298 melius
840 2221 1020 2297 seGasatis
1040 2220 1282 2303 venditarent,
1311 2243 1487 2295 tantorum
1501 2224 1693 2320 Apostolo-

339 2341 418 2392 rum
448 2323 589 2393 nomina
616 2343 905 2419 praetexuerunt,
938 2314 1033 2418 quasi
1058 2318 1102 2389 ab
1125 2314 1205 2413 ipsrs
1231 2319 1319 2391 mislr
1345 2318 1468 2394 forent.
1522 2322 1614 2396 Huic
1637 2321 1690 2410 ja·

337 2417 474 2488 &antire
497 2418 643 2491 viriliter
666 2415 700 2490 se
724 2419 902 2516 opponit,
930 2440 974 2490 ne
999 2415 1119 2488 locum
1143 2414 1282 2488 cederet
1302 2416 1515 2499 mendacio,
1541 2418 1580 2490 er
1597 2419 1696 2491 veri·-

336 2531 444 2584 tatem
469 2515 505 2586 in
529 2509 588 2586 sua
611 2512 753 2611 persona
777 2515 928 2612 opprimi
954 2507 1085 2584 smeret.
1137 2517 1260 2608 ltaque
1283 2536 1356 2584 non
1379 2510 1607 2608 polonensis
1634 2518 1693 2602 rs-

333 2606 528 2705 postolatus
553 2607 604 2684 sui
626 2612 863 2686 aueloritatem
887 2603 1046 2684 adversus
1071 2605 1281 2683 nefariorum
1294 2604 1477 2686 hominum
1499 2607 1686 2686 calunniae

332 2725 462 2780 tuctu.
1114 2741 1117 2746 ·

432 2732 591 2880 isxxll.
618 2810 694 2899 Hac
714 2831 819 2908 opera
837 2804 1018 2879 defunetus
1037 2799 1214 2879 transitum
1238 2795 1300 2875 srbi
1318 2800 1400 2878 facit
1419 2802 1463 2878 ad
1485 2801 1602 2879 caussae
1615 2829 1810 2915 tta-xxm
1821 2854 1866 2912 u,

330 2900 515 2976 {sationem
532 2898 594 2975 sub
611 2899 714 2978 finem
732 2906 853 3003 capitis
865 2901 1003 2978 secundi
1011 2926 1111 2977 eom.
1138 2919 1196 2993 15.
1248 2903 1334 2974 Eam
1354 2927 1437 2975 vero
1455 2902 1502 2974 ita
1523 2900 1745 3001 exsequi-rim
1759 2949 1843 3004 argu.

332 3017 417 3079 tur,
445 3022 483 3072 ut
502 3000 571 3091 jam
593 3002 674 3074 inde
693 3001 736 3075 ab
755 3003 858 3076 initio
871 2998 1092 3101 generalibus
1111 3020 1227 3072 utatur
1249 3001 1478 3096 argumentis,
1502 3002 1539 3071 δι
1557 3001 1682 3074 iisdem
1694 3025 1810 3097 aearum
1825 3006 1864 3068 ὰ

330 3097 586 3191 propemodum
610 3097 739 3196 quibus
764 3102 801 3171 in
832 3096 985 3195 Epistola
1012 3097 1058 3168 ad
1080 3100 1261 3170 Romanos
1288 3091 1367 3167 usus
1391 3094 1512 3168 suerat.
1563 3078 1854 3179 Male,''⁴st''“‘⁸¹''·

329 3193 473 3287 inquit,
502 3217 522 3264 a
543 3194 716 3266 Gentibus
739 3194 784 3265 ad
806 3191 983 3266 Christum
1003 3186 1174 3263 conversis
1194 3191 1470 3263 Cerimoniarum
1489 3187 1684 3264 observatio

329 3284 621 3479 sessilis*
635 3289 933 3457 risibilis?
947 3281 1680 3476 *iiiiiriijiiffiiiiigiuiiiibii'

928 3427 941 3466 θ
1431 3429 1442 3465 ²
1667 3436 1679 3460 ο

330 3482 412 3551 Huc
431 3480 524 3552 enim
543 3408 691 3577 pertinet
709 3480 810 3580 quod
830 3486 932 3555 Petro
952 3474 986 3553 se
1007 3475 1129 3552 dixisse
1154 3501 1326 3553 memorat
1345 3506 1354 3551 ε
1379 3486 1455 3556 Nos
1473 3500 1591 3554 natura
1611 3483 1681 3574 th·

328 3580 387 3650 dei
403 3630 414 3657 ‚
439 3580 484 3651 d*
498 3602 558 3650 non
582 3603 625 3653 ex
641 3574 797 3655 cambe
808 3596 989 3676 pateoret
1008 3604 1018 3651 z
1050 3575 1184 3665 [cemes
1209 3601 1268 3650 non
1281 3573 1449 3671 justificari
1464 3580 1619 3653 homiaem
1635 3603 1680 3653 ex

326 3671 472 3773 operibus
493 3674 569 3771 itgr'e
586 3729 598 3758 ,
616 3676 672 3767 sed
754 3670 852 3766 fiderat
873 3672 961 3768 θείη
981 3670 1121 3759 cirisi:
1145 3676 1244 3747 etiam
1261 3700 1316 3749 nes
1336 3679 1369 3748 in
1387 3675 1544 3760 Chrism
1562 3676 1679 3771 jesum

325 3776 542 3858 cresium,
567 3792 605 3847 ue
622 3774 643 3871 j
688 3770 866 3865 ficemur
886 3796 929 3848 ex
949 3769 1015 3862 fide
1031 3768 1170 3855 cirisi,
1209 3775 1254 3847 Θ*
1274 3797 1334 3848 nen
1352 3799 1395 3850 ex
1414 3770 1559 3872 operibus
1577 3775 1674 3870 legia:

321 3888 495 3966 propterea
515 3877 599 4041 ism
626 3898 686 3945 non
707 3866 931 3967 jrdlificasitar
955 3893 999 3943 ex
1026 3868 1175 3967 operibus
1196 3869 1271 3965 legii
1300 3872 1363 3943 ralia
1378 3896 1462 3947 caro.
1512 3876 1675 3962 Quorum

326 3970 511 4041 verborum
554 3970 584 4043 ic
603 3968 652 4066 ess
663 3964 775 4043 sensus
795 3997 805 4044 ε
832 3992 897 4042 nos
917 3967 981 4066 qui
1000 3966 1160 4039 videmur
1181 3965 1259 4040 aliis
1278 3966 1457 4067 praeliare,
1485 3970 1522 4041 &
1543 3964 1674 4041 benefi-

325 4065 380 4174 cio
402 4064 540 4138 soederis
559 4061 692 4179 semper
701 4064 840 4180 ‘suimus
864 4064 1055 4163 propinqui
1069 4069 1174 4146 Deo,
1200 4086 1316 4176 tamen
1328 4066 1460 4178 nullam
1471 4061 1587 4139 salutis
1596 4067 1673 4140 adi·

320 4158 1674 4361 sllisssslliaismsllsbstlss‘lllltlsil‘sllr,llis?

324 4349 433 4428 desset
449 4352 518 4430 suia
539 4357 730 4435 cultoribus
749 4353 960 4432 adsalutem
971 4379 1000 4528 ὲ
1026 4353 1127 4453 nobis
1149 4356 1302 4431 maxime
1318 4353 1513 4456 prodesset,
1544 4356 1673 4525 quigus

1013 4474 1032 4525 e
1056 4475 1108 4525 ae
1133 4471 1151 4545 3
1636 4472 1672 4523 ta
