4667 5442
579 461 1031 570 'Exurrearro
1084 469 1611 572 Paraboxouuu.
1693 477 1801 610 633
1918 482 1921 486 ’

447 635 620 730 judicatur
637 639 673 713 in
690 631 936 732 justificatione.
986 641 1042 714 Sic
1060 641 1152 714 enim
1166 638 1345 715 instituunt
1365 667 1374 714 r
1401 664 1472 713 non
1499 633 1685 714 offenditur
1703 646 1801 715 Deus

445 733 513 808 fine
538 732 656 811 caussa.
711 731 833 809 Caulla
852 729 1045 810 offensionis
1062 737 1158 814 nulla
1173 736 1243 820 est,
1269 758 1391 835 praeter
1445 758 1608 813 eccatum.
1659 744 1802 812 Peccata

446 835 566 906 on'rnia
585 829 763 913 fidelium,
789 830 1068 931 justissimamque
1088 835 1157 907 Dei
1169 855 1312 934 propter
1335 859 1374 906 ea
1393 762 1611 907 ollensronem
1622 877 1634 917 ,
1661 831 1743 906 tulit
1757 837 1800 908 lic

445 927 585 1003 abstulit
604 927 772 1002 Christus.
823 933 951 1023 Neque
968 951 1102 1026 partem
1118 927 1227 1003 modo
1246 929 1291 1004 ali
1319 954 1398 1002 uam
1409 923 1623 1011 offensionis,
1649 925 1707 1001 sed
1721 954 1800 1004 orn·

444 1049 526 1100 nem
545 1071 558 1108 ,
584 1021 723 1122 prorsus
740 1047 894 1100 omnem.
944 1030 1037 1124 Ergo
1057 1026 1152 1101 nulla
1169 955 1318 1125 superes
1334 1050 1414 1125 quae
1429 1024 1605 1102 incumbat
1623 1021 1797 1108 fidelibus.
1924 1039 1934 1044 “

443 1119 519 1196 Illis
539 1124 625 1195 dicit
644 1127 761 1205 Deus,
787 1125 840 1196 ira
856 1119 1080 1206 nonestmihi.
1104 1119 1173 1223 Jes.
1187 1146 1367 1218 rucvrrz4.
1734 1187 1738 1194 .
1991 1189 1999 1202 .
2059 1183 2061 1194 1

544 1224 641 1294 Vlll.
668 1225 724 1292 De
741 1214 919 1312 cottseffione
960 1239 1135 1297 occatoriam
1155 1218 1199 1295 src
1216 1217 1393 1296 sentiunt:
1419 1243 1493 1295 eam
1515 1216 1660 1303 ullam,
1686 1216 1881 1314 deco-vm,
1898 1245 1972 1310 c...

442 1339 518 1390 ram
539 1340 577 1393 ac
596 1312 808 1390 necessariam
828 1310 892 1389 elle
910 1239 960 1390 ad
971 1318 1008 1390 id
1027 1340 1067 1390 ut
1086 1314 1295 1417 glorificetur
1306 1323 1425 1402 Deus,
1452 1242 1697 1418 Josv11219.
1716 1323 1922 1405 tan-fcffime

473 1437 554 1488 uam
569 1415 691 1488 unicus
710 1408 912 1490 miserorum
930 1413 1113 1488 hominum
1127 1411 1337 1513 Sospitat0r3
1362 1418 1450 1488 &ut
1461 1409 1660 1513 agnoscatur
1675 1397 1958 1498 neces-⁶⁰⁸4&

443 1438 552 1593 srtas,
590 1509 767 1609 dignitas,
789 1513 826 1584 δι
845 1509 990 1586 efficacia
1008 1514 1210 1586 meritorum
1232 1511 1370 1586 Christi.
1422 1517 1561 1610 Negant
1580 1534 1695 1585 tamen
1708 1475 1967 1633 con-{mam

447 1605 624 1680 felsronem
641 1631 860 1706 peccatorum
877 1602 1020 1680 caulsam
1043 1605 1195 1706 essequa
1217 1631 1417 1705 procuretur
1440 1608 1609 1691 remissio,
1636 1606 1693 1682 uel
1716 1609 1890 1697 ejus„·„„,

447 1705 551 1775 etiam
569 1704 751 1778 certitudo.
802 1706 874 1796 Qui
893 1728 973 1776 vere
997 1701 1109 1777 fidelis
1129 1704 1201 1788 est,
1229 1704 1431 1777 tantundem
1450 1703 1663 1777 fundamenti
1684 1701 1889 1777 habctvmiae·

444 1798 490 1869 ad
510 1802 664 1873 animum
685 1798 905 1875 securandum
925 1801 969 1871 de
988 1803 1179 1874 remissione
1205 1803 1336 1897 peccati
1361 1796 1410 1872 sui
1428 1823 1506 1872 ante
1521 1799 1788 1885 confessionem,

446 1919 553 1991 quam
573 1898 650 1994 post
665 1897 821 1971 eandem.
874 1898 1028 1974 Unicum
1045 1899 1294 1973 certiorationis
1312 1897 1573 1970 fundamentum
1588 1897 1634 1971 est
1645 1896 1790 1972 verbum

443 1993 586 2089 gratiae:
613 1999 706 2088 Ego,
727 2017 782 2089 ego
790 1992 862 2084 firm
881 1998 936 2092 qui
949 1994 1035 2067 deleo
1050 2013 1179 2092 peccata
1199 2015 1256 2066 rua
1262 2013 1394 2090 propter
1405 2019 1465 2068 me.
1514 1995 1597 2083 Ejus
1611 1992 1717 2075 verbi,
1738 1988 1792 2066 se-

441 2087 514 2159 mel
527 2090 562 2160 in
574 2087 806 2180 justificatione
841 2093 1048 2174 ronunciati,
1075 2093 1200 2164 veritas
1216 2094 1254 2164 &
1267 2092 1365 2165 valor
1381 2111 1497 2164 manet
1515 2090 1550 2162 in
1573 2111 1789 2188 perpetuum.

445 2185 543 2258 Fidei
564 2188 610 2262 est
628 2187 772 2260 verbum
792 2117 882 2261 illud
902 2186 1177 2285 apprehendere,
1205 2183 1335 2287 sibique
1352 2187 1397 2260 ad
1417 2183 1576 2259 fiduciam
1599 2211 1618 2258 a
1643 2186 1790 2283 plicare3

441 2304 515 2353 non
534 2283 722 2382 exspedlare
733 2280 865 2357 solenni
877 2284 1103 2368 confessione,
1131 2305 1296 2383 tanquam
1315 2286 1359 2358 ali
1388 2309 1435 2356 uo
1471 2211 1689 2380 raerequisto.
1716 2278 1792 2380 Ipsa

441 2380 539 2548 {psim
560 2381 720 2493 confessio
732 2426 744 2466 ,
772 2375 857 2458 srex
876 2377 943 2455 fide
970 2379 1072 2477 hujus
1091 2383 1187 2456 verbi
1212 2405 1284 2458 uon
1306 2308 1561 2481 proludant,
1593 2402 1691 2479 grata
1706 2385 1789 2453 Deo

489 2499 567 2551 ene
595 2500 659 2552 urt.

537 2504 603 2650 nl.
630 2574 754 2664 Sensum
769 2593 970 2673 peccatorum
988 2572 1033 2648 ad
1045 2573 1188 2650 standum
1204 2575 1311 2649 animi
1322 2572 1599 2650 humiliationem
1608 2567 1846 2650 sinceram-Ill·
1859 2567 1965 2636 θεῖ’*

438 2693 511 2769 que
530 2674 790 2770 poenitentiam,
818 2698 882 2773 pro
896 2670 991 2765 officio
1007 2669 1536 2772 defhtiuosaepietariragnoscunt:
1559 2651 1853 2787 sedeumpqus
1947 2685 1964 2704 ·

436 2788 547 2866 gnant
557 2769 670 2842 multo
687 2770 818 2846 facilius
838 2769 1033 2869 meliusque
1043 2772 1223 2869 provenire
1243 2795 1287 2844 cx
1296 2768 1366 2862 fide
1379 2772 1450 2862 jam
1472 2773 1647 2868 iutpetratae
1664 2746 1956 2864 veniae‚s,l,⁸„ir,·:⁸,',·⁶,.

437 2888 548 3033 quam
570 2866 720 2942 aliunde.
771 2868 922 2959 Quando
945 2872 1038 2941 enim
1054 2865 1210 2943 Christus
1229 2891 1309 2943 cum
1329 2869 1425 2941 omni
1445 2869 1563 2968 gratiae
1580 2865 1649 2942 suae
1659 2869 1960 2961 jucun-manns.

466 2961 572 3036 issima
590 2964 801 3064 benignitate
818 2967 942 3039 animae
963 2967 1142 3061 peccatrici
1157 2960 1191 3038 sc
1214 2963 1381 3050 ostentat,
1407 2968 1445 3040 δι
1466 2985 1684 3134 tortamque
1704 2985 1784 3061 gra·

435 3059 535 3133 vium
547 3063 727 3136 criminum
745 3065 882 3135 veniam
893 3061 987 3135 ultro
1003 3061 1164 3161 largitur,
1198 3065 1326 3136 mirum
1335 3082 1466 3160 quanto
1477 3059 1609 3136 facilius
1636 3064 1783 3134 andins-

436 3178 509 3253 que
534 3159 570 3230 in
594 3158 781 3231 uberrimas
802 3155 935 3232 srncerae
959 3160 1169 3254 poenitentiae
1191 3158 1358 3233 lacrumas
1380 3155 1567 3255 liquescat,
1594 3181 1701 3255 quam
1719 3154 1783 3228 ubi

436 3250 637 3328 lucrandum
653 3252 757 3325 habet
775 3277 852 3329 cum
864 3249 1066 3327 infidelitate
1080 3276 1118 3325 ac
1135 3249 1382 3349 desperatione.

537 3351 586 3421 X.
604 3353 659 3421 De
664 3346 813 3446 precibus
821 3352 1010 3448 quotidianis
1016 3367 1078 3459 pro
1086 3349 1252 3445 remrffione
1260 3366 1458 3445 peccatorum
1468 3347 1539 3426 haec
1550 3348 1780 3426 tradiderunt:
1791 3363 1827 3428 x.
1848 3362 1906 3424 Aue

436 3446 589 3521 remlsfio
612 3469 830 3542 peccatorum
850 3440 1046 3518 universalis
1063 3443 1147 3518 facea
1170 3441 1218 3517 cll
1235 3447 1270 3518 in
1289 3442 1545 3545 Justilicatione.
1596 3453 1663 3521 Pro
1682 3465 1722 3519 ca
1740 3453 1872 3536 utrlt‘fes
1890 3459 1958 3517 rt·-

435 3543 523 3618 facta
541 3547 619 3615 Deo
632 3539 710 3615 sunt
728 3543 869 3640 agendae
882 3545 1012 3642 gratiae.
1061 3539 1131 3616 Sed
1148 3540 1297 3615 remilsro
1324 3547 1545 3640 pcccatorum
1567 3519 1920 3642 quamnquam·

435 3662 536 3714 notat
548 3642 621 3731 ejus
632 3638 958 3730 manifestationem
975 3637 1218 3731 conscientiam,
1243 3642 1280 3714 in
1294 3643 1455 3715 continua
1465 3665 1564 3716 novae
1573 3640 1693 3741 gratiae
1705 3640 1781 3714 col·

436 3737 599 3821 latione,
638 3738 673 3810 in
695 3739 827 3814 deliciis
847 3737 969 3812 Divini
985 3737 1148 3822 amoris,
1183 3738 1220 3809 in
1247 3739 1540 3836 contemplatione
1565 3738 1653 3811 lucis
1682 3736 1781 3811 faciei

438 3828 565 3932 ipsius,
592 3836 630 3908 &
648 3836 684 3907 in
704 3834 955 3909 collustratione
968 3838 1114 3916 animae,
1142 3859 1223 3933 quae
1242 3829 1282 3907 lit
1299 3836 1401 3910 radiis
1420 3860 1465 3908 ex
1483 3830 1554 3910 sole
1574 3833 1709 3926 justitiae
1718 3859 1780 3910 co-

435 3927 674 4013 ruscantibus,
702 3935 739 4006 δι
765 3929 942 4005 sanitatem
958 3927 1188 4008 afferentibus.
1241 3935 1326 4006 Haec
1347 3933 1452 4031 digna
1471 3929 1548 4008 sunt
1562 3957 1641 4031 quae
1659 3934 1779 4030 quoti·

438 4025 551 4102 dianis
588 4029 722 4102 recibus
741 4024 978 4105 sollicitentur.
1030 4030 1085 4103 Sic
1101 4050 1216 4103 tamen
1234 4049 1274 4100 ut
1286 4030 1463 4103 credamus
1477 4054 1514 4102 ea
1534 4055 1599 4104 nos
1608 4054 1687 4105 curn
1699 4055 1778 4102 om·

438 4055 731 4201 nibus-beneficiis
744 4122 976 4224 spiritualibus
994 4128 1028 4199 in
1049 4122 1189 4199 Christo
1208 4123 1358 4214 habere3
1383 4129 1420 4198 &
1440 4129 1570 4214 exejus
1588 4125 1778 4225 plenitudi-

436 4244 513 4302 ne,
539 4245 608 4294 non
628 4245 769 4320 propter
792 4220 921 4296 nostras
945 4247 1084 4320 preces,
1120 4226 1238 4294 aDco
1257 4246 1455 4322 accepturos
1478 4220 1553 4298 elle.
1604 4227 1778 4297 Hactenus

433 4313 637 4488 sententiasm
659 4324 835 4408 Fratrum,
862 4342 989 4419 quanta
1005 4319 1106 4420 potui
1123 4313 1214 4404 lide,
1240 4321 1475 4410 accuratione,
1501 4327 1539 4401 &
1556 4315 1779 4422 perspicuita-

434 4437 471 4488 te
494 4438 586 4510 expo
602 4439 651 4491 ur.

534 4512 624 4596 Tem·
661 4517 715 4598 11.
1082 4509 1207 4592 Llll
1468 4609 1487 4644 Α
1666 4515 1779 4596 Cat,
