4667 5442
360 816 366 831 ,
475 743 683 844 Johannem.
736 751 827 835 Quae
847 769 962 818 tamen
983 741 1162 845 disparitas
1184 746 1260 819 aliis
1282 746 1330 817 do

334 1411 341 1416 ,
474 1327 557 1399 riter
576 1352 647 1422 prae

474 488 583 605 410
724 484 1439 577 Exuucrrarro
1498 475 1607 574 XV.

475 650 584 721 edidit.
633 652 751 747 Atque
770 649 858 722 adeo
888 646 1032 721 fatemur
1063 642 1232 747 disparem
1253 644 1316 723 hac
1337 647 1481 816 qpidem
1501 648 1537 720 in
1564 671 1601 720 re
1620 641 1709 720 Eliae
1736 641 1833 721 fuisse

1331 748 1452 828 tius,
1486 744 1600 819 multo
1622 744 1829 835 majoribus,

475 842 612 928 abunde
634 842 700 917 suit
718 839 946 941 compensata.
998 848 1125 942 Neque
1143 864 1231 918 certe
1248 842 1304 915 vel
1325 838 1498 939 personae,
1526 841 1584 915 vel
1597 843 1754 915 muneris
1776 841 1831 914 di-

475 940 590 1036 gnitas
601 986 614 1023 ,
640 964 661 1012 a
682 936 763 1013 solis
780 939 976 1013 aestinranda
996 940 1170 1015 miraculis
1189 940 1259 1015 est:
1287 937 1424 1011 Christo
1444 937 1519 1038 ipso
1536 937 1746 1020 declarante,
1760 963 1830 1011 euni

476 1039 534 1132 qui
551 1040 652 1111 credit
668 1040 703 1110 iii
723 1035 820 1133 ipsum
837 1061 900 1110 noir
912 1037 1013 1124 foliot
1033 1056 1128 1133 opera
1137 1037 1300 1129 fissuram
1325 1034 1384 1128 effe
1406 1059 1472 1133 qua
1490 1034 1628 1122 Christus
1643 1033 1729 1126 fecit
1741 1079 1765 1118 ,·
1773 1035 1831 1124 sed

476 1134 521 1207 Θ*
536 1131 1105 1301 majoraiiii‘ctssurum.[poh.x1v:
1129 1158 1186 1209 12.
1212 1140 1289 1208 Nec
1302 1131 1540 1236 consequitur,
1569 1158 1612 1203 eo
1624 1131 1727 1229 quod
1735 1132 1829 1205 Elias

476 1229 640 1304 miracula
686 1232 860 1311 atraverit,
887 1234 898 1302 i
926 1233 1015 1304 circo
1034 1231 1066 1302 ei
1084 1233 1147 1327 qui
1165 1233 1200 1305 in
1223 1228 1391 1329 spiritu&
1407 1232 1534 1303 virtute
1554 1231 1642 1302 Eliae
1657 1230 1758 1301 venit
1766 1254 1831 1326 pa·

649 1256 764 1401 sanda
784 1320 846 1397 esse
874 1326 1048 1401 miracula.
1102 1330 1194 1417 (luia
1212 1326 1401 1400 similitudo
1424 1324 1484 1399 ista
1505 1322 1680 1400 consistere
1699 1325 1827 1422 potesl,

455 1505 457 1508 v
476 1419 694 1522 consistitque
713 1447 849 1505 revera,
877 1426 912 1495 in
925 1427 1067 1521 paritate
1077 1419 1274 1520 sapientiae,
1300 1421 1557 1505 sanctitudinis,
1577 1420 1669 1504 zeli,
1696 1425 1738 1494 δι
1757 1423 1830 1494 effi·

476 1521 617 1593 cacitate
628 1522 812 1617 praeconii,
838 1519 1106 1619 vehementique
1127 1518 1263 1619 spiritus
1281 1519 1325 1591 ad
1337 1515 1597 1616 generositatem
1613 1539 1722 1616 atque
1736 1519 1828 1592 invi-

476 1619 566 1688 Ctam
583 1616 822 1690 fortitudinem
842 1612 1003 1715 impulsu.
1055 1622 1136 1691 Hoc
1158 1614 1253 1690 sensu
1264 1619 1419 1714 spiritur,
1436 1622 1574 1699 virtut,
1595 1612 1664 1689 sive
1682 1604 1766 1697 ΠΒ,
1792 1618 1829 1688 &

476 1718 641 1805 potentia,
665 1710 732 1784 sive
746 1712 876 1799 stim„
901 1716 1090 1811 junguntur
1101 1713 1213 1789 Mich.
1230 1739 1312 1789 iii:
1329 1723 1362 1791 8.
1388 1712 1609 1790 Verumtamen
1619 1712 1828 1810 egorepletiir

472 1808 545 1899 stim
564 1814 726 1882 virriitea
746 1813 870 1907 Spiritu
880 1811 1018 1903 Jcsioeae
1031 1809 1217 1909 judicioque
1237 1816 1281 1888 (a
1295 1814 1458 1908 poteiuia,
1480 1812 1742 1885 adiudicatum
1759 1811 1828 1902 Ja-

427 1962 430 1971 ι
475 1903 764 1997 coboaefhttiinem
788 1907 1381 2005 ipset,&1sra'e‘sipeccatumi'pfiria.
1434 1907 1510 1984 Ubi
1522 1932 1593 1981 non
1605 1931 1679 1979 tant
1689 1906 1738 1978 de
1747 1932 1826 2004 pro·

476 2003 655 2103 digiorum
675 2004 887 2077 edendorum
897 2005 1088 2103 potestate,
1115 2031 1223 2103 quarn
1235 2007 1279 2079 de
1288 2003 1463 2089 sapientiae
1478 2005 1657 2086 ubertate,
1683 2005 1828 2077 invitta-

475 2125 549 2198 que
565 2096 718 2199 generosi
735 2104 840 2174 animi
857 2098 1088 2186 firmitudine,
1115 2128 1155 2175 ac
1172 2112 1318 2207 πιρῥησίῳ
1340 2103 1382 2177 ¹co
1409 2103 1565 2174 itandum
1583 2098 1640 2174 est.
1691 2108 1735 2173 ln
1751 2104 1828 2199 qui·

477 2196 545 2271 bus
558 2198 660 2270 rebus
671 2196 866 2298 Johannem
876 2199 963 2274 Eliae
981 2225 1051 2274 non
1063 2196 1183 2273 cessisse
1197 2124 1437 2297 exEvangesio
1447 2199 1573 2294 liquet.
1608 2204 1696 2271 Non
1711 2200 1827 2281 etiarn,

344 2372 352 2416 j
475 2297 562 2391 quia
584 2319 645 2392 per
660 2302 797 2393 sorim
813 2294 1080 2396 frequentissime
1098 2295 1262 2370 miracula
1280 2297 1521 2396 intelliguntur
1539 2341 1551 2377 ,
1579 2311 1657 2367 eam
1680 2296 1829 2370 miracu·

471 2391 594 2467 ¹lorum
609 2389 890 2491 fignificationcm
917 2396 1048 2493 ubique
1069 2417 1189 2494 urgere
1211 2395 1383 2467 convenit.
1434 2398 1530 2467 Nam
1552 2392 1589 2463 δι
1618 2389 1706 2466 alibi
1725 2390 1829 2465 vebe·

475 2511 632 2564 mentem
644 2487 779 2589 spiritus
800 2491 937 2565 adrem
956 2492 1110 2588 aliquam
1130 2490 1299 2589 agendam
1322 2485 1512 2587 impulsum
1532 2484 1712 2586 fignificat.
1743 2493 1827 2565 Luc.

478 2607 547 2659 iv:
571 2609 630 2677 14.
665 2589 762 2662 Alibi
775 2613 873 2672 eam,
893 2586 937 2658 de
954 2612 1024 2687 qua
1044 2588 1232 2686 aliquoties
1247 2610 1362 2670 nunc,
1387 2583 1582 2684 Prophetiti
1601 2581 1746 2680 spiritus
1767 2608 1826 2685 ge·

475 2679 693 2755 nerositatem
724 2706 834 2758 notat.
885 2688 968 2771 Quo
988 2684 1099 2758 refero
1124 2683 1216 2760 illud
1235 2688 1323 2758 Luc.
1350 2705 1469 2759 mv:
1491 2704 1553 2777 49.
1602 2680 1666 2756 sut
1685 2685 1828 2754 erasnm

477 2773 604 2859 δύναμιν
622 2773 655 2861 ὀξ
667 2773 757 2862 slei·
802 2779 899 2852 Alibi
921 2780 1071 2878 denique
1090 2776 1256 2857 sermonis
1275 2781 1364 2855 Sacri
1377 2782 1610 2853 efficacitatem
1623 2780 1669 2854 ad
1690 2783 1827 2863 animo·

343 2908 345 2911 ⁴
474 2894 556 2947 rum
577 2876 828 2947 convistionem
845 2872 1004 2973 defignat.
1031 2900 1063 2951 1.
1078 2881 1163 2951 Cor.
1190 2899 1255 2949 11:
1275 2896 1312 2966 4.
1344 2900 1377 2950 1.
1391 2871 1506 2951 Thess.
1528 2895 1615 2968 ιτς.
1670 2882 1827 2967 Quarum

474 2970 700 3045 notationum
719 2969 816 3046 nulla
829 2969 901 3054 est,
928 2997 1008 3069 quae
1027 2997 1098 3045 non
1118 2973 1345 3046 commodum
1361 2971 1418 3046 hic
1434 2972 1551 3048 locum
1563 2976 1732 3048 inveniat.
1757 2980 1829 3048 Nc·

474 3089 550 3164 que
563 3066 725 3143 enimvel
741 3067 891 3143 debilior
905 3064 985 3157 sacri
1004 3071 1151 3168 Spiritus
1171 3073 1219 3144 im
1245 3065 1362 3154 ulsus,
1388 3068 1445 3143 vel
1464 3071 1579 3144 minor
1599 3074 1710 3146 animi
1722 3068 1828 3145 sirmi·

474 3182 561 3248 tas,
588 3165 646 3238 vel
667 3165 878 3240 imbecillior
897 3168 1153 3266 praedicationis
1170 3095 1343 3251 vasentia,
1369 3170 1405 3242 in
1432 3164 1589 3267 Johanne
1616 3194 1729 3267 quam
1755 3169 1828 3244 Elia

474 3262 575 3360 argui
594 3260 719 3361 potest.
770 3266 954 3362 Denique,
974 3290 1037 3338 nec
1055 3264 1238 3363 indignum
1250 3262 1410 3367 Johanne
1421 3260 1545 3336 censeri
1565 3264 1673 3339 debet
1690 3265 1826 3340 nullum

474 3354 703 3455 portentificas
722 3362 860 3433 virtutis
880 3363 1080 3435 exercitium
1100 3386 1113 3448 3
1138 3366 1270 3461 quippe
1289 3387 1361 3460 quo
1380 3362 1424 3433 ad
1444 3360 1608 3434 turnioni
1628 3359 1700 3437 suae
1725 3360 1826 3439 fidem

473 3453 667 3529 faciendam
688 3481 759 3529 non
785 3456 947 3557 indiguit.
999 3458 1184 3532 Coelestem
1211 3455 1314 3559 ipsius
1342 3458 1534 3532 missionem
1562 3455 1643 3533 satis
1664 3486 1748 3534 com
1771 3487 1827 3534 ro·

460 3550 559 3629 ,bant
573 3552 761 3636 miracula,
788 3578 868 3652 quae
886 3558 1146 3652 conceptionem
1163 3558 1201 3628 δι
1227 3556 1440 3629 nativitatem
1457 3550 1561 3652 ipsius
1585 3578 1729 3657 antegrc
1788 3562 1825 3632 &

475 3642 655 3723 consecuta
675 3645 753 3723 sunt
774 3676 786 3736 3
811 3675 882 3723 non
900 3651 936 3722 in
948 3648 1092 3725 obscuro
1110 3651 1264 3752 angulo,
1292 3648 1351 3724 sed
1367 3654 1494 3750 partim
1512 3648 1634 3751 inipso
1656 3655 1825 3769 Templo,

473 3743 602 3914 partim
619 3746 656 3817 in
672 3742 857 3820 hominum
883 3742 952 3818 fide
974 3747 1250 3847 dignissimorum
1295 3747 1446 3824 raesentia
1468 3796 1478 3831 ,
1507 3773 1587 3822 cuni
1601 3746 1826 3849 spasiantiutn

505 3862 613 3936 upote
623 3838 867 3917 animadversa.
906 3848 1068 3918 Doctrina
1077 3842 1180 3943 ipsus
1197 3776 1293 3920 nihis
1293 3845 1440 3918 habebat
1451 3848 1547 3929 novi,
1562 3848 1664 3945 quod
1673 3873 1826 3923 extraor-
1859 3894 1865 3906 x

468 3935 642 4011 ›dinariam
656 3936 952 4013 confirmationem
964 3945 1177 4040 requireret3
1202 3939 1261 4015 sed
1271 3940 1536 4017 erattellificatio
1551 3947 1613 4027 rei,
1624 3946 1684 4019 vel
1702 3945 1825 4021 instari·

475 4033 534 4114 tis,
544 4034 599 4117 vel
609 4033 904 4139 praesentis,quam
913 4042 1066 4111 unanimi
1078 4065 1164 4112 voce
1175 4065 1296 4114 omnes
1305 4039 1485 4137 Prophetae
1496 4044 1823 4136 praenuntiaverant.

456 4128 603 4213 Adde,
627 4133 727 4228 quod
748 4134 996 4209 miraculorum
1023 4162 1043 4209 a
1074 4136 1242 4237 Johannis
1263 4137 1450 4211 ministerio
1479 4134 1629 4212 absentia
1650 4137 1825 4215 necessaria

473 4230 731 4327 propemodum
751 4232 879 4316 suerit,
906 4257 950 4307 ne
972 4233 1082 4318 sorte,
1111 4232 1270 4311 sisiniilia
1289 4229 1489 4333 praestitisset
1507 4236 1551 4309 iis
1596 4261 1652 4309 uae
1668 4240 1825 4311 Messiatn

375 4368 378 4372 ·
472 4326 627 4504 p’aestarc
645 4330 851 4427 oportebat,
878 4335 1048 4432 praecipiti
1064 4333 1272 4430 judiciorum
1282 4261 1639 4408 temeritateamustis
1650 4360 1720 4433 pro
1731 4330 1825 4407 Mes·

532 4423 738 4519 haberenu,
765 4429 828 4529 qui
840 4425 983 4509 nonisssr
993 4430 1126 4512 Messiae
1137 4431 1347 4536 prodromus
1369 4452 1452 4516 erat.
1501 4429 1733 4515 Namnehac
1741 4433 1826 4607 qui·

968 4549 978 4586 ‚s
1005 4545 1013 4585 i
1047 4571 1059 4584 .
1767 4552 1821 4606 em
