4667 5442
577 504 679 613 240
838 483 1549 622 exorere-rere
1618 478 1705 583 XI.

575 648 693 730 tibus,
722 649 758 723 ὃ(
776 652 1000 749 proportione
1020 648 1188 732 ducibus,
1215 647 1310 723 Sosio
1327 673 1411 742 vero
1425 650 1529 721 etiam
1546 649 1640 746 regia
1656 645 1762 722 dedit
1773 652 1934 726 muneri}

577 750 627 817 Ea
646 745 759 819 clades
773 746 1057 841 Hierosolymorum
1069 746 1191 820 incidit
1203 748 1239 818 in
1253 742 1467 819 consulatum
1490 750 1543 820 M.
1564 747 1718 841 Agrippa
1735 747 1784 821 &¹
1805 746 1933 818 cmii

578 844 688 919 Galli,
715 867 862 944 crxxrrv
882 843 1117 941 Olympiade,
1144 838 1258 916 mense
1277 845 1379 916 tertio
1400 887 1412 926 ,
1441 841 1687 953 seriisqqur'bus
1711 835 1932 915 solemnelit

577 939 743 1030 jejunium
766 967 775 1013 ε
807 960 974 1035 tanquam
1004 961 1198 1012 recurrente
1217 940 1254 1011 in
1282 940 1376 1012 idem
1399 961 1566 1035 temporis
1583 958 1818 1011 momentum
1838 936 1932 1012 uum

577 1035 708 1135 Judaeis
725 1062 745 1109 a
762 1038 929 1133 Pompeio
952 1036 1154 1110 calamitate.
1206 1036 1298 1108 Vide
1317 1034 1448 1131 joseph.
1458 1037 1665 1133 Arripiunt.
1691 1058 1795 1109 xxvi
1808 1056 1871 1108 11.

439 1169 528 1231 xm,
673 1135 789 1206 XLII.
814 1139 918 1204 Nunc
942 1158 1047 1230 quem
1075 1133 1208 1205 exitum
1228 1132 1458 1221 Asmonaeorum
1487 1129 1618 1204 familia
1632 1127 1813 1214 ,habuerit
1837 1128 1935 1203 brevi

399 1242 553 1393 eecli
577 1251 903 1422 zllffiifflshl
916 1223 1931 1423 lissslffillr.‚lssflsslflhrlhlllh‘ffih

394 1414 564 1458 mancorum.
576 1447 671 1495 marn
688 1418 804 1494 missus
823 1467 844 1522 ,¹
861 1423 898 1493 &
916 1421 965 1492 ibi
985 1423 1131 1520 benigne
1147 1419 1285 1493 habitus
1307 1350 1376 1503 eli,
1404 1419 1513 1493 donec
1535 1413 1728 1492 honorifice
1751 1443 1777 1491 a
1797 1414 1930 1494 Cressae

576 1520 652 1591 ins
679 1520 763 1590 ria'm
783 1518 1022 1591 dimitteretur.
1072 1521 1248 1598 Caeterum
1268 1544 1288 1589 a
1307 1518 1523 1615 Pompeianis
1543 1539 1676 1588 veneno
1698 1510 1892 1600 sublatus,
1909 1539 1929 1588 a

578 1543 778 1688 Caelhrianis
794 1613 965 1686 funeratus
982 1613 1041 1687 est.
1091 1618 1231 1711 Corpus
1250 1614 1323 1703 ejus
1342 1614 1403 1686 diu
1418 1612 1523 1686 melle
1537 1617 1693 1685 curatum
1700 1611 1843 1703 jacuit,
1868 1612 1930 1685 do·

572 1736 637 1798 nec
651 1715 839 1791 Antonius,
862 1711 898 1783 in
916 1709 1073 1810 Judaeam
1098 1704 1291 1791 remilium,
1319 1733 1440 1808 regum
1459 1708 1660 1784 conditoriis
1677 1708 1815 1807 reponi
1837 1733 1931 1784 men·

575 1808 683 1880 davit.
734 1813 1003 1887 Auernum,
1033 1805 1222 1881 Aristobuli
1233 1801 1347 1889 filius,
1375 1808 1474 1905 quod
1483 1826 1599 1880 contra
1612 1808 1805 1879 Romanos
1818 1803 1929 1880 rebel-

573 1905 723 1987 laverat,
752 1905 921 2002 Scipionis
941 1895 1027 1994 jussu
1048 1901 1142 2001 apud
1160 1900 1380 1977 Antiochiam
1404 1898 1509 1977 securi
1523 1895 1695 2001 percussus
1709 1900 1774 1975 est.
1835 1901 1929 1980 Alter

572 1997 727 2075 'liliorum
748 2007 1012 2084 Aurroonus,
1039 2024 1148 2098 quem
1164 2024 1185 2071 a
1201 1997 1332 2076 Parthis
1352 1999 1555 2098 Judaeorum
1574 1996 1703 2072 throno
1720 1994 1930 2098 impositura

574 2098 684 2173 modo
699 2098 881 2182 vidimus,
909 2122 1018 2194 quum
1041 2098 1128 2170 tueri
1147 2092 1180 2169 se
1203 2097 1427 2192 Hierosrlymm
1450 2121 1519 2170 non
1535 2089 1717 2194 potuisset,
1745 2091 1930 2170 descendit

459 2253 465 2263 .
575 2217 594 2268 e
621 2198 731 2278 turri,
759 2193 901 2293 Sofroque
921 2196 1041 2268 videri
1066 2194 1111 2265 ad
1153 2217 1240 2266 enua
1261 2189 1407 2293 supplex
1436 2193 1599 2291 procidit.
1650 2196 1700 2263 At
1721 2191 1815 2276 ille,
1843 2187 1930 2266 nihil

572 2289 751 2366 miseratus.
768 2314 934 2365 mutatam
952 2290 1105 2364 hominis
1123 2216 1324 2373 sutrinam,
1351 2286 1528 2364 insultavit
1544 2282 1688 2371 misero,
1716 2294 1928 2388 Amigom.

571 2414 633 2489 per
650 2389 861 2472 ludibrium,
888 2387 1086 2486 appellans,
1113 2389 1265 2463 vinctum
1293 2412 1337 2459 ue
1358 2387 1402 2461 ad
1421 2389 1614 2460 Antonium
1631 2383 1802 2462 deduxit.
1856 2385 1928 2474 Qui

570 2489 723 2586 primum
745 2485 889 2584 quidem
912 2484 1090 2584 triumpho
1112 2413 1358 2557 adservanium
1381 2482 1605 2558 destinaverat
1626 2508 1638 2569 3
1662 2477 1725 2554 sed
1744 2483 1813 2558 ubi
1829 2483 1928 2556 audi-

570 2587 623 2657 vit
641 2583 843 2683 Judaeorum
864 2605 1005 2681 gentem
1023 2582 1067 2653 ad
1086 2607 1139 2656 res
1155 2605 1264 2655 novas
1283 2576 1427 2681 spectare
1447 2626 1459 2664 ,
1487 2582 1524 2654 &
1539 2581 1625 2652 odio
1649 2582 1797 2654 Herodis
1815 2581 1927 2655 favere

570 2685 750 2775 Antigono,
775 2682 885 2777 magis
904 2679 1059 2776 placuit,
1087 2680 1266 2753 accedente
1279 2681 1382 2750 etiam
1404 2679 1558 2753 Herodis
1581 2672 1863 2761 sollicitatione,
1887 2701 1926 2750 e·

570 2774 894 2873 pudAntiochiam,
921 2774 1134 2873 flagellatum
1152 2777 1268 2874 prius,
1296 2778 1334 2847 dc
1346 2771 1429 2871 palo
1441 2774 1641 2872 alligatum,
1663 2769 1778 2848 securi
1789 2771 1923 2868 subjici·
1966 2827 1968 2836 ι

568 2878 680 2945 Νονο
695 2875 731 2943 &
741 2873 863 2971 ignoto
881 2868 1041 2943 hactenus
1055 2874 1222 2947 Romanis
1235 2872 1271 2944 in
1284 2876 1420 2971 Regem
1431 2870 1606 2969 exemplo.
1657 2872 1776 2960 Quod
1788 2876 1830 2948 δι
1841 2875 1925 2950 mr

569 2972 606 3042 m'
624 2965 839 3041 observatum
857 2965 915 3041 est.
966 2967 1081 3043 Restat
1097 2968 1209 3042 adhuc
1227 2974 1586 3044 HrncnuusR'ex&
1603 2967 1795 3043 Pontifext
1815 2991 1923 3070 quem
1966 3047 1968 3052 ,

569 3066 614 3141 ed
632 3060 665 3136 se
680 3064 883 3163 perductum
900 3066 1056 3138 Phraates
1074 3064 1278 3139 Parthorum
1294 3093 1378 3151 rex,
1439 3088 1555 3165 ropter
1590 3065 1922 3152 enerisclaritateor.

440 3216 443 3220 -
570 3165 716 3238 comiter
738 3158 881 3233 habuitt
907 3161 1109 3236 &vinculis
1128 3157 1281 3236 solutum
1300 3093 1450 3263 permiht
1475 3089 1655 3263 Babyione
1679 3162 1840 3263 degere,
1861 3163 1920 3238 ubi

569 3283 694 3360 magna
711 3281 782 3333 erat
799 3258 1004 3360 Judaeorum
1033 3258 1237 3357 frequentia.
1289 3264 1339 3333 Hi
1358 3288 1427 3335 non
1454 3258 1552 3334 aliter
1568 3283 1676 3357 quam
1695 3257 1865 3338 Pontifici
1884 3283 1921 3338 tt

569 3360 681 3459 Regi,
708 3358 868 3455 quamvis
888 3354 1027 3428 auribre
1052 3379 1231 3440 truncato,
1259 3362 1422 3456 Hyrcano
1443 3356 1613 3429 honorem
1638 3354 1851 3436 hebebant-r
1873 3360 1923 3434 in
1966 3431 1968 3436 .

568 3477 608 3530 ut
631 3480 702 3528 non
723 3452 914 3526 admodum
940 3448 1114 3550 praesentis
1133 3454 1278 3527 fortunae
1301 3457 1480 3551 poeniteret
1500 3451 1692 3527 hominem.
1744 3455 1822 3529 Sed
1837 3451 1921 3530 suo·

567 3575 646 3626 rum
656 3575 794 3630 amore,
821 3551 859 3619 δι
875 3547 1052 3622 fallacibus
1065 3551 1217 3623 Herodis
1227 3550 1404 3624 blanditiis
1418 3550 1607 3650 pellectus,
1634 3546 1804 3650 permissu
1815 3551 1923 3632 Phra·

566 3648 660 3727 atis,
688 3644 938 3738 Hierosolymam
954 3645 1069 3718 rediit.
1118 3646 1193 3720 Ubi
1216 3647 1405 3721 ambitione
1418 3651 1627 3729 Alexandrou,
1651 3642 1734 3722 filiae
1745 3643 1843 3736 suae,
1863 3671 1921 3726 to·

565 3765 602 3816 ta
621 3740 750 3816 familia
770 3740 806 3811 in
831 3736 1123 3839 praesentissimum
1152 3738 1331 3818 discrimen
1358 3748 1466 3819 venir.
1519 3750 1606 3819 Haec
1623 3745 1919 3848 enimindignan
1952 3757 1956 3762 '

530 3877 532 3881 ·
565 3833 829 3918 Pontificatum,
857 3862 964 3934 quem
983 3834 1055 3909 filio
1078 3833 1138 3910 suo
1159 3845 1417 3916 Anrsrouuro
1430 3890 1441 3926 ,
1469 3848 1686 3923 Mariamres,
1711 3844 1918 3940 regiaeeon

565 3936 679 4031 jugis,
707 3933 828 4014 fratri,
854 3934 971 4022 juveni
990 3933 1162 4008 decimum
1179 3933 1314 4011 sextum
1340 3963 1467 4013 annum
1484 3964 1503 4011 a
1531 3939 1627 4023 enti,
1654 3937 1779 4013 deberi
1799 3937 1917 4016 exifu·-

566 4031 701 4112 mabat,
728 4032 770 4103 ab
790 4028 932 4101 Herode
948 4032 983 4102 in
995 4033 1177 4106 Amnelum
1192 4035 1383 4132 quendam,
1414 3962 1593 4135 Babyione
1604 4036 1778 4119 accitum,
1804 4037 1917 4128 colle·

565 4148 642 4201 tum
663 4121 725 4199 esse
743 4153 755 4213 3
780 4125 825 4197 ad
845 4124 1071 4223 cleopatram,
1095 4132 1238 4229 AEgypri
1257 4133 1410 4230 reginam
1430 4128 1584 4231 scripsit,
1609 4152 1649 4204 ut
1665 4129 1914 4210 Pontificem

563 4219 711 4297 filiosuo
729 4224 772 4295 ab
791 4227 930 4298 Antonio
945 4246 1088 4322 peteret.
1140 4227 1251 4301 Facile
1263 4228 1435 4301 intellexit
1450 4228 1629 4313 Herodes,
1656 4252 1732 4327 quo
1743 4227 1913 4306 haecten

563 4318 685 4393 derenc
708 4348 717 4395 r
744 4317 803 4394 sed
818 4320 1002 4415 prudenter
1019 4322 1272 4409 dissimulavit:
1308 4324 1581 4426 abrogatumque
1603 4326 1750 4401 Anneio
1764 4321 1913 4403 Pontifi-

561 4437 678 4492 catum
703 4415 886 4506 anuum
913 4418 1040 4501 reddit.
1090 4425 1208 4513 Quem
1237 4421 1299 4498 ubi
1320 4424 1457 4525 generis
1478 4423 1679 4532 dignitate,
1717 4423 1760 4500 dc
1788 4424 1911 4502 forme

1749 4545 1911 4604 mmm·
