4667 5442
527 506 632 608 606
839 502 1251 592 lusurcr
1323 473 1666 591 Cur.lll.'

529 688 666 745 curere,
689 658 892 756 utstupeant
914 660 1022 757 magis
1035 660 1078 731 ad
1092 654 1128 725 ri
1156 658 1371 828 impiissima
1387 652 1550 730 sermonis
1568 700 1581 739 ,
1610 678 1720 753 quam
1737 675 1778 729 ut
1799 656 1870 731 ido·

531 765 587 834 nei
604 760 786 833 reddantur
806 756 936 830 adrem
955 751 1062 854 ipsam
1081 779 1181 853 aequa
1217 781 1296 827 ance
1316 754 1559 828 trutinandum.
1610 757 1690 851 Ego
1703 777 1789 826 veto
1810 750 1872 827 srne

515 850 651 930 'affeuu
670 854 707 926 id
728 851 888 929 conabor.
940 856 985 925 Et
1003 853 1154 950 primum
1179 852 1322 948 quidem
1349 850 1446 950 quod
1467 853 1610 934 attinet,
1639 873 1754 948 quum
1776 852 1812 923 in
1832 873 1871 923 eo

531 947 710 1028 consensus
728 946 793 1031 srt,
822 947 918 1021 nullo
931 972 1085 1043 unquam
1101 968 1256 1044 tempore
1282 944 1429 1020 solutam
1457 943 1549 1019 fuisse
1575 947 1746 1054 unionem
1765 946 1790 1021 h

531 1049 706 1123 staticam:
732 1040 885 1142 utrisque
905 1039 1805 1142 confitentibusilludchalcedonenfiscmciliidm
1817 1068 1872 1119 ςκ

533 1140 583 1229 aqi
603 1142 793 1237 ἐδὶαιςίτωςε
820 1163 923 1238 atque
941 1142 1077 1214 interim
1097 1140 1226 1214 constet
1248 1142 1375 1214 Filium
1394 1167 1413 1212 a
1430 1148 1527 1214 Patre
1550 1137 1737 1214 dereliflum
1759 1132 1873 1222 fuisse,

530 1242 696 1336 longinquo
715 1262 794 1314 tunc
814 1238 950 1323 asalute
969 1234 1062 1333 ipsus
1078 1238 1117 1314 ὰ
1137 1268 1157 1307 a
1176 1236 1282 1311 verbi
1301 1240 1422 1332 rugitu
1432 1233 1572 1331 ejm,Ps.
1585 1260 1699 1312 mr:
1712 1259 1749 1312 2.
1776 1235 1875 1308 nimi·

532 1363 610 1413 rum
626 1335 745 1433 quoad
755 1328 954 1434 praesentem
973 1334 1143 1407 influxum
1166 1331 1364 1408 laetificantis
1385 1328 1639 1409 &consolantis
1658 1333 1806 1432 gratiae,
1830 1331 1874 1407 ita

513 1456 647 1509 ‘tamen
666 1454 790 1504 utnon
815 1426 947 1503 desierit
959 1435 1053 1503 Deus
1073 1433 1309 1529 omnipotente
1319 1433 1444 1503 virtute
1453 1429 1511 1503 sua
1519 1432 1712 1600 patientem
1725 1449 1874 1505 naturam

531 1528 746 1609 humanam,
774 1529 982 1624 caeteroquin
1005 1546 1106 1600 tantae
1128 1528 1377 1599 maledictionis
1400 1526 1484 1599 moli
1532 1525 1668 1600 erendae
1695 1529 1872 1624 imparem,

362 1619 406 1672 Ὗ
442 1648 444 1651 ·
531 1621 731 1702 sustentare:
759 1649 828 1696 non
847 1624 951 1695 video
963 1619 1039 1697 sane
1059 1624 1145 1721 quid
1164 1624 1265 1697 realis
1284 1620 1516 1696 controversrae
1538 1643 1726 1698 remaneat.

349 1751 418 1814 vn,
441 1746 503 1806 sn„
632 1728 695 1794 Vl.
722 1716 798 1794 Nisr
816 1718 882 1792 hoc
904 1719 1079 1802 sortaffis,
1107 1745 1148 1792 an
1174 1741 1253 1792 toto
1276 1719 1338 1791 illo
1368 1742 1596 1793 extremarum
1625 1719 1873 1818 perpellionum

349 1825 438 1889 samm
458 1842 503 1880 ex·
531 1841 688 1917 tempore
704 1818 803 1890 nullo
824 1840 977 1913 unquam
999 1811 1329 1915 consolantisgratiae
1340 1811 1433 1887 sensu
1446 1815 1657 1889 refocillatus
1669 1814 1798 1890 Chrilii
1807 1819 1874 1890 ani·

348 1918 496 1964 arenarum
534 1939 612 1989 mus
624 1911 675 1987 srt.
727 1913 835 2003 Quod
854 1937 920 2012 ego
938 1912 1091 2012 profesio
1104 1912 1215 1985 dicere
1228 1938 1295 1984 non
1311 1910 1428 1986 ausrm.
1479 1914 1641 1988 Portabat
1654 1909 1733 1987 sane
1768 1933 1871 1988 cecata

317 1973 480 2064 -Wffiw
533 2010 643 2086 noslra
661 2008 847 2091 Cluilius,
875 2010 1015 2107 quando
1034 2012 1068 2081 in
1087 2007 1190 2081 hotto
1206 2011 1310 2105 coepit
1326 2012 1541 2105 vagarum,
1565 2003 1616 2094 zai
1631 2013 1701 2077 ἀθα
1755 2013 1772 2032 ”
1788 2016 1869 2086 θα,

347 2144 412 2211 pm
432 2125 503 2185 null·
537 2104 587 2194 (ql
608 2106 755 2193 ἅδημονεῒν
776 2152 787 2183 ,
811 2103 860 2190 vi
879 2106 1040 2189 περίλυπος
1060 2097 1136 2171 εἶναι
1154 2100 1202 2177 ‘iot
1217 2099 1354 2180 θανᾶτυ,
1378 2112 1415 2179 &
1441 2129 1555 2179 tamen
1578 2108 1719 2182 coelitus
1745 2103 1870 2183 millum

346 2203 835 2294 rrrrsufcrwcorroboraturum
858 2197 925 2274 sese
947 2203 1119 2301 Angelum
1138 2197 1240 2299 eopse
1262 2225 1419 2300 tempore
1444 2201 1577 2278 habuit.
1629 2209 1729 2279 Dum
1755 2227 1870 2319 corpus

344 2282 459 2376 Μ’
533 2296 632 2373 suum
656 2325 699 2372 ex
725 2298 851 2370 onebat
867 2296 1135 2395 percussoribus,
1163 2302 1200 2371 bc
1227 2300 1334 2372 malas
1351 2300 1613 2396 expuentibus,
1649 2302 1736 2374 dum
1759 2301 1870 2376 sacrem

287 2441 297 2462 ,
347 2352 519 2508 fama.
534 2326 801 2471 abscondebata
827 2397 1046 2469 contumeliis
1062 2398 1097 2468 δι
1119 2393 1252 2492 sputo,
1289 2401 1482 2469 Dominum
1504 2403 1622 2471 Deum
1637 2400 1869 2473 auxiliatorem

350 2528 396 2573 m
408 2505 478 2585 fras.
533 2516 693 2592 expertus
715 2492 782 2566 est:
809 2492 937 2566 idcirco
956 2494 1188 2589 componebat
1210 2493 1329 2566 faciem
1352 2489 1447 2566 suam
1464 2516 1630 2592 tanquam
1649 2493 1774 2570 saxum
1799 2495 1870 2568 ada·

534 2591 749 2668 mantinum,
777 2590 859 2685 quia
878 2613 1020 2661 noverat
1037 2590 1109 2662 fore
1130 2613 1170 2661 ut
1190 2614 1260 2662 non
1281 2586 1468 2688 pudeficrct
1488 2620 1497 2666 a
1524 2595 1730 2690 propinquo
1750 2596 1869 2692 quippe

536 2686 661 2782 coqui
681 2679 791 2779 ipsum
811 2681 1012 2776 justificaret.
1034 2681 1097 2783 Jes.
1110 2714 1151 2759 r:
1172 2692 1214 2769 6,
1236 2708 1279 2769 7,
1306 2696 1339 2765 8.
1390 2693 1465 2761 Nec
1488 2689 1671 2786 probabile
1690 2691 1870 2764 videtutiu

535 2776 608 2878 ipsa
626 2803 723 2852 cruce
744 2777 831 2850 adeo
849 2778 981 2877 semper
996 2783 1166 2855 intentum
1193 2786 1333 2857 Divinae
1349 2781 1507 2858 adversus
1555 2809 1670 2859 eccata
1691 2787 1801 2862 nostra
1814 2809 1867 2861 ex·

533 2870 775 2966 candescentiae
797 2871 890 2947 suille
919 2874 1043 2950 Chrilli
1063 2881 1246 2962 animum,
1275 2903 1399 2954 utnon
1426 2812 1567 2954 subinie
1590 2882 1868 2980 repraesentaverit

534 2969 597 3071 ipsr
612 2966 718 3052 fides,
772 2995 850 3043 uam
871 2995 1004 3070 gratum
1026 2977 1117 3048 Patri
1133 2972 1194 3047 suo
1219 2973 1354 3052 offerret
1377 2975 1597 3061 sacrificium,
1625 2984 1665 3053 &
1684 3006 1790 3078 quam
1799 2981 1870 3149 go·

531 3064 678 3149 tiosam,
707 2996 781 3164 pol
796 3073 966 3143 maximos
980 3072 1148 3168 quidem,
1176 3094 1211 3147 at
1223 3074 1407 3148 brevissimi
1422 3077 1589 3174 temporis
1601 3081 1781 3162 cruciatus,
1832 3099 1871 3149 eo

532 3161 615 3248 srbi,
642 3163 756 3238 elestis
769 3159 835 3237 suis
856 3189 1088 3263 reportaturus
1113 3165 1191 3243 esset
1208 3173 1412 3246 mercedem.
1463 3175 1552 3247 fieti
1570 3170 1649 3247 sane
1670 3199 1737 3248 non
1753 3171 1869 3272 potest,

533 3265 620 3362 quin
634 3263 801 3361 cogitatio
821 3260 880 3336 ista
901 3260 995 3336 haud
1008 3269 1299 3341 contemnendum
1320 3272 1499 3368 aegerrimo
1519 3274 1641 3343 animo
1661 3272 1870 3346 levamenat·

531 3360 662 3434 tulerit.
714 3364 831 3457 Atque
848 3358 914 3432 hoc
935 3362 1079 3435 Paulum
1096 3360 1241 3437 voluisse
1258 3389 1365 3463 puto,
1393 3366 1533 3464 quando
1552 3368 1729 3446 Hebraeos
1745 3368 1870 3467 adpro·

530 3454 679 3555 posrtum
696 3452 756 3527 srbi
776 3456 919 3529 stadium
939 3484 1000 3554 per
1027 3459 1244 3533 tolerantiam
1272 3463 1518 3535 decurrendum
1542 3463 1717 3549 hortans,
1756 3490 1794 3540 ea
1814 3461 1870 3538 fide

532 3577 601 3649 qua
620 3553 768 3624 creditur
787 3558 904 3625 Deum
927 3558 1066 3651 praemia
1090 3556 1205 3654 largiri
1234 3559 1276 3631 iis
1298 3563 1360 3657 qui
1383 3554 1494 3657 ipsum
1517 3564 1702 3659 requirunt
1725 3610 1736 3648 ,
1767 3586 1871 3638 exem·

532 3649 631 3744 plum
651 3649 795 3720 Domini
814 3652 857 3722 iis
874 3650 921 3720 ob
945 3651 1068 3724 oculos
1085 3654 1212 3748 ponit:
1239 3659 1396 3729 intuentes
1419 3710 1430 3737 ,
1454 3658 1568 3755 inquit
1592 3703 1603 3739 ,
1631 3661 1667 3730 in
1677 3661 1759 3749 fidei
1778 3665 1870 3734 dua

531 3768 571 3814 ac
584 3743 856 3831 consuanmatorem
871 3746 1016 3837 ²sssum,
1040 3753 1093 3838 qui
1108 3768 1170 3844 pro
1188 3749 1249 3838 fibi
1268 3772 1328 3850 pro
1351 3771 1425 3828 orto
1446 3758 1562 3848 gaudio
1577 3752 1726 3842 sustinuit
1747 3778 1867 3834 crucan·

533 3839 627 3911 Heb.
642 3865 683 3912 x1
696 3864 727 3913 1:
740 3864 774 3912 2.
828 3848 908 3914 Hoc
919 3841 985 3925 est,
1007 3846 1134 3916 intuitu
1151 3868 1257 3945 atque
1274 3772 1520 3947 exlireciatione
1541 3855 1698 3948 promissi
1716 3849 1779 3927 fibi
1797 3875 1868 3955 gru·

532 3935 601 4017 dii,
629 3935 672 4006 ad
689 3931 912 4010 sustinendam
930 3964 1085 4022 crucem,
1111 3944 1187 4015 imo
1206 3948 1241 4017 in
1260 3944 1449 4019 sustinenda
1467 3971 1591 4032 cruce,
1619 3947 1868 4053 infigniterani·

531 4054 644 4102 matus
665 4032 720 4104 est.
771 4036 814 4105 Et
832 4035 933 4131 quod
950 4037 1059 4125 majus
1079 4038 1144 4120 est,
1175 4065 1216 4111 eo
1230 4037 1304 4138 ipso
1323 4067 1396 4139 quo
1415 4040 1449 4118 se
1470 4040 1567 4144 Jesus
1578 4044 1755 4121 desertum
1775 4046 1869 4148 quiri·

531 4126 666 4201 tabatur
683 4153 882 4212 momento,
909 4132 944 4204 in
959 4136 1163 4208 memoriam
1174 4133 1235 4209 s1bi
1245 4140 1574 4225 revocabatDeum,
1599 4143 1694 4231 sumn
1703 4142 1758 4229 ‘m
1774 4153 1866 4223 Dm

525 4221 670 4318 fortem,
691 4224 781 4311 suum
797 4223 915 4311 umbra
934 4233 1042 4303 Deum
1061 4229 1277 4323 confoedustum
1297 4230 1380 4310 elle:
1408 4258 1518 4311 certus
1529 4236 1737 4314 fortitudine
1749 4241 1806 4318 ista
1814 4234 1866 4315 Dei

529 4317 581 4397 sui
597 4314 631 4393 se
648 4314 865 4431 sustentatum
881 4319 945 4410 irl,
973 4348 1084 4403 certus
1098 4331 1217 4404 omnia
1232 4330 1370 4409 foederis
1379 4329 1539 4434 promissa
1550 4331 1613 4410 libi
1622 4331 1763 4437 suisque
1770 4338 1867 4414 fuum

526 4414 593 4508 elle
612 4419 907 4501 enmuumeu.
1820 4522 1865 4607 M

1735 4536 1809 4613 vu.
