4667 5442
652 476 756 602 '426
898 471 1814 610 ExtitciririosXV,

656 642 797 735 Agrium
810 635 902 718 Dei,
930 631 975 706 de
992 656 1066 731 quo
1084 629 1241 707 hesterno
1261 633 1318 707 die
1340 633 1509 708 dicebam.
1562 632 1670 723 Qiod
1699 635 1830 705 camin
1852 627 2016 730 ipsorum

656 734 781 807 animis
801 733 874 804 vim
892 730 1015 804 habuit
1042 777 1053 813 ‚
1091 753 1131 803 ut
1154 732 1237 804 ilico
1269 728 1385 831 Jesum
1418 727 1482 804 sirit
1497 727 1634 815 secuti,
1674 733 1711 803 &
1727 729 1908 804 bihorium
1931 758 2015 808 cum

656 834 670 904 i
696 827 733 902 so
755 828 799 902 ad
815 828 906 902 Solis
923 822 1079 901 occasum
1098 824 1303 901 manserint:
1329 825 1542 903 sermonibus
1562 822 1665 924 ipsius
1683 849 1754 902 tam
1775 827 1937 925 praeclare
1956 819 2017 903 iii·

656 857 795 1007 isium,
832 948 874 998 ut
892 923 1027 1017 nullum
1047 920 1124 1023 ipsis
1150 924 1298 998 dubium
1315 926 1502 1008 restiterit,
1531 926 1616 1022 quin
1647 928 1683 997 in
1706 920 1787 1024 Jesu
1807 920 2017 1000 invenissent

653 1022 826 1097 Messiam.
876 1022 974 1095 Alter
1006 1046 1122 1093 autem
1143 1047 1188 1095 ex
1208 1021 1278 1096 illis
1301 1045 1371 1095 erat
1394 1021 1572 1105 AndreaS,
1598 1023 1779 1103 Simonis,
1812 1023 1868 1093 cui
1894 1020 2015 1120 postea

654 1122 746 1195 Petri
760 1145 887 1193 nomen
905 1119 1024 1191 datum
1038 1117 1106 1200 est,
1130 1118 1242 1193 frater.
1297 1123 1365 1193 Hic
1380 1126 1417 1194 δι
1441 1119 1532 1191 fratri
1557 1165 1567 1200 ,
1597 1143 1637 1190 ut
1652 1117 1696 1189 ad
1717 1116 1895 1191 Christum
1915 1144 2014 1193 accc·

656 1217 780 1299 deret,
807 1219 844 1288 iii
866 1241 1016 1313 eumque
1037 1216 1219 1298 crederet,
1246 1221 1363 1291 auslor
1384 1217 1462 1290 suit.
1512 1212 1714 1313 Primusque
1734 1215 1823 1288 adeo
1848 1218 2014 1290 omnium

658 1310 905 1410 discipulorum
924 1310 1006 1412 Jesu
1022 1311 1088 1395 ell,
1116 1338 1223 1411 quem
1245 1310 1310 1386 suo
1326 1319 1424 1388 Sacra
1443 1311 1594 1385 Historia
1617 1312 1757 1383 nomine
1770 1307 1939 1409 designat,
1953 1316 2017 1411 qui

658 1435 704 1485 ex
719 1408 888 1510 Jobannis
907 1405 1084 1506 disciplina
1099 1412 1134 1482 iii
1161 1409 1261 1483 illam
1277 1407 1382 1508 Jesu,
1410 1409 1500 1483 felici
1524 1410 1775 1506 permutatione
1791 1404 1961 1487 transivit.

478 1522 617 1589 disvin.
756 1511 921 1580 vaiis.
946 1513 1037 1579 Inter
1051 1504 1324 1606 haecaJohanne
1346 1507 1433 1578 dista
1451 1505 1541 1605 gesta
1569 1530 1635 1587 ue,
1664 1506 2016 1580 &incarcerationem

480 1600 551 1662 lixa
564 1597 643 1673 disci-
660 1599 784 1702 ipsius,
813 1606 930 1701 exigui
949 1606 1116 1700 temporis
1128 1627 1225 1675 mora
1237 1605 1429 1677 intercessu.
1480 1532 1604 1677 Paulus
1623 1604 1716 1673 enim
1733 1601 1923 1675 auctorest.
1936 1609 2012 1676 Act.

476 1683 606 1810 Whm'l
660 1725 702 1775 x1
715 1725 729 1774 1
740 1725 770 1773 1:
784 1718 844 1789 25.
870 1701 1055 1792 johannem
1070 1698 1257 1797 explevisse,
1277 1698 1343 1775 hoc
1356 1700 1424 1783 est,
1449 1697 1704 1797 propemodum
1717 1694 1904 1794 explevisse
1919 1748 1932 1781 ‚
1946 1697 2013 1773 sive

478 1752 696 1906 affigit
719 1822 760 1868 eo
777 1791 870 1870 fuisse
888 1815 931 1868 ‘ut
951 1797 1127 1893 expleret,
1154 1798 1277 1887 cursum
1284 1798 1395 1885 suum,
1420 1796 1561 1893 quando
1575 1819 1613 1866 ea
1624 1819 1703 1890 quae
1717 1793 1953 1890 explicuimus
1963 1819 2013 1868 te-

474 1906 534 1981 smo
547 1844 627 1980 fis,
661 1893 821 1968 stimonia
844 1889 925 1994 Jesu
946 1893 1132 1989 perhibuit.
1184 1899 1302 1989 Atque
1329 1896 1428 1965 unica
1444 1888 1668 1966 solummodo
1685 1893 1773 1962 assio
1800 1893 2012 1965 intermedio

481 1981 631 2061 hommum·
661 2015 818 2089 tempore
830 1989 918 2089 gesta
928 1990 1073 2087 legitut,
1100 2014 1207 2087 quarn
1217 1988 1423 2086 posteritatis
1436 1990 1604 2063 memoria
1616 1988 1758 2084 dignam
1768 1990 1922 2084 Spiritus
1933 1995 2015 2062 San·

480 2061 601 2194 ‚ixx
657 2092 730 2161 ¹&us
747 2084 887 2162 censuit.
937 2088 1114 2160 Nimirum
1139 2081 1237 2186 Jesus
1258 2087 1418 2160 consectis
1446 2085 1626 2158 itineribus
1648 2084 1785 2180 aliquot
1809 2112 1894 2158 cum
1912 2085 2011 2158 disci-

415 2215 417 2219 ’
473 2210 571 2290 pm,
602 2160 638 2197 '⁹'
656 2185 749 2284 pulis
769 2179 837 2256 suis
850 2186 885 2256 iri
895 2181 1025 2283 Judaeae
1042 2185 1252 2257 territorium
1262 2183 1384 2264 rediit,
1412 2183 1472 2255 ubi
1486 2182 1530 2253 ad
1548 2177 1916 2278 Baptismumfipfius
1927 2178 2016 2272 jussu,

657 2307 677 2355 a
694 2277 870 2379 discipulis
890 2278 1185 2363 administratum,
1213 2279 1502 2377 frequentissimus
1512 2277 1696 2350 bominum
1721 2277 1912 2353 confluxus
1934 2281 2008 2353 fuit.

656 2378 833 2480 Jobannes
853 2378 1001 2458 interea,
1022 2376 1141 2450 relide
1160 2376 1311 2475 Jordane
1322 2424 1333 2458 ,
1359 2374 1557 2473 baptizabat
1578 2378 1614 2447 in
1627 2382 1733 2449 AEnon
1749 2400 1861 2471 prope
1881 2379 1982 2451 Salim
1993 2407 2008 2460 ;

552 2568 554 2572 Ι
656 2500 737 2573 quae
757 2470 897 2548 obscura
916 2476 953 2546 δε
971 2473 1039 2546 sere
1053 2476 1172 2572 ignota
1189 2497 1278 2546 nunc
1297 2467 1729 2571 Interpretibuslocasiuit.
1778 2475 2010 2573 Nonimpro·

655 2571 781 2645 babilis
803 2570 961 2669 Li'gtfom
977 2571 1166 2661 conjeslura
1184 2567 1232 2642 est
1249 2594 1262 2657 3
1286 2564 1346 2643 sita
1363 2566 1456 2643 fuisse
1475 2571 1512 2641 in
1530 2568 1677 2641 Galilaea
1696 2614 1708 2651 ,
1736 2571 1784 2643 cis
1803 2569 2009 2739 ¹Iordanem,

536 2706 540 2713 ·
657 2669 845 2741 inditione
865 2668 1021 2741 Herodis
1040 2663 1257 2740 Tetrarchae:
1283 2669 1321 2739 &
1340 2673 1446 2742 AEnon
1456 2689 1525 2740 non
1545 2688 1618 2740 tam
1638 2691 1685 2762 op
1712 2665 1762 2737 idi
1782 2691 1801 2737 a
1818 2669 1933 2757 icujus
1946 2693 2010 2741 no-

657 2789 738 2837 men
758 2758 843 2846 else,
872 2790 979 2862 quam
995 2763 1190 2860 amplissimi
1207 2766 1244 2837 &
1259 2759 1482 2861 spatiosissimi
1499 2752 1611 2861 csmpi
1631 2809 1644 2846 ‚
1686 2764 1943 2861 caturiginibus
1957 2767 2009 2836 vi·

658 2883 778 2934 varum
790 2885 957 2957 aquarum
968 2859 1184 2933 abundantis.
1236 2861 1289 2933 lbi
1304 2883 1385 2958 ergo
1398 2884 1495 2931 more
1509 2854 1570 2931 suo
1583 2860 1779 2934 accedentes
1791 2862 1837 2932 ad
1848 2856 1885 2933 se
1895 2862 2011 2934 ablue·

655 2956 717 3030 bat
736 2956 912 3058 Jobannes
932 2986 941 3031 :
969 2979 1003 3029 at
1016 2959 1194 3054 pauciores
1213 2982 1302 3031 nunc
1325 2980 1430 3053 quam
1449 2955 1561 3037 olim,
1588 2956 2006 3057 paucioresmultoquam

655 3049 767 3157 Jesus.
817 3056 900 3144 Ejus
919 3056 967 3127 rei
989 3054 1078 3143 fama
1097 3078 1208 3151 quum
1224 3053 1268 3127 ad
1287 3053 1474 3151 discipulos
1486 3051 1655 3151 Johannis
1676 3048 1882 3127 dimanasset
1908 3102 1919 3137 ,
1949 3079 2009 3128 ex·

657 3153 775 3225 citavit
792 3154 879 3224 inter
899 3150 980 3225 illos
1000 3177 1038 3226 ac
1058 3152 1201 3251 Judaeos
1224 3152 1314 3224 rixas
1330 3151 1373 3223 de
1389 3146 1639 3248 purificatione.
1691 3146 1865 3248 Discipuli
1877 3148 2008 3252 Johan·

654 3250 709 3321 nis
730 3249 1026 3346 indignabantur,
1055 3248 1195 3321 aliuma
1213 3246 1379 3347 Magistro
1399 3243 1461 3320 suo
1481 3244 1543 3319 esse
1563 3251 1625 3344 qui
1639 3247 1840 3345 baptizandi
1866 3250 2006 3345 provin·

653 3349 741 3418 ciam
761 3341 821 3419 sibi
842 3368 1046 3444 arrogaret:
1073 3371 1113 3417 ne
1141 3345 1441 3445 ueaegrirudinem
1459 3346 1565 3417 animi
1586 3340 1635 3416 sui
1654 3343 1936 3429 dissimulabant,
1962 3368 2003 3418 ex

654 3466 700 3514 eo
712 3465 844 3524 ortam,
870 3444 969 3541 quod
987 3444 1099 3515 novus
1112 3372 1171 3514 ille
1188 3448 1320 3514 Dooor
1338 3443 1454 3538 plures
1466 3444 1634 3514 inveniret
1647 3438 1839 3515 sectatores.
1893 3440 2004 3541 Judai

654 3561 737 3613 vero
757 3542 867 3638 magis
884 3537 995 3614 adhuc
1011 3539 1298 3636 indignabantur,
1327 3539 1459 3612 alienos
1469 3540 1554 3612 ritus
1565 3585 1576 3620 ,
1599 3563 1668 3611 tam
1682 3565 1701 3611 a
1714 3537 1880 3622 Christo,
1904 3561 2005 3639 quain

652 3634 833 3738 Jobanne,
855 3633 995 3717 invehi,
1019 3638 1055 3707 &
1076 3657 1262 3732 utrumque
1277 3636 1560 3719 criminabantur,
1580 3637 1810 3708 utinovarum
1823 3659 2005 3710 rerumau·

652 3737 795 3806 stores:
822 3732 1100 3812 contendentes,
1128 3726 1232 3803 satius
1254 3728 1336 3814 elle,
1365 3755 1404 3804 ut
1429 3730 1561 3814 solitis,
1586 3736 1622 3806 &
1654 3758 1673 3805 a
1693 3728 1794 3805 Mose
1816 3733 2003 3812 institutis,

651 3826 944 3927 purificationibus
958 3830 1134 3910 contenti,
1162 3851 1313 3901 recentes
1332 3826 1413 3912 has,
1433 3855 1472 3902 ut
1487 3834 1668 3902 noxiarum
1680 3824 1798 3903 litium
1810 3833 2001 3911 materiem,

551 3997 553 3999 ,
651 3921 766 3997 missas
785 3924 942 4000 facerent.
993 3929 1115 4012 Quum
1126 3950 1210 3997 vero
1231 3925 1349 3999 dirimi
1368 3928 1457 3999 inter
1478 3923 1569 4023 ipsos
1583 3921 1809 4000 controversia
1829 3930 2000 4026 nequiret,

651 4019 826 4118 Jobannis
844 4018 1000 4120 discipuli
1021 4046 1093 4094 rem
1115 4023 1159 4096 ad
1172 4022 1377 4121 Magistrum
1396 4023 1574 4104 detulere,
1629 4024 1723 4097 loriae
1741 4026 1814 4113 ejus
1825 4071 1837 4106 ,
1867 4028 1922 4096 uti
1939 4020 2004 4095 lieri

652 4117 767 4200 solet,
796 4117 884 4191 ultra
894 4119 991 4192 modi
1004 4118 1249 4216 modestiaeque
1268 4123 1452 4203 terminos,
1481 4046 1630 4193 stadios.
1689 4119 1809 4201 Rabbi',
1825 4122 2001 4219 inquiunt,

651 4219 680 4288 is
696 4218 752 4312 qai
762 4231 864 4290 tecum
876 4237 946 4291 erat
959 4223 1001 4290 ad
1015 4217 1181 4301 traieslum
1196 4218 1373 4307 eJordam'r,
1422 4242 1502 4291 uem
1516 4240 1554 4290 tu
1563 4216 1765 4315 baptizasti,
1793 4218 1849 4290 cui
1864 4241 1906 4289 tu
1916 4214 2004 4291 testi·

651 4315 811 4388 monium
827 4312 1048 4412 perhibuisti,
1076 4312 1201 4389 honori
1221 4316 1295 4405 ejus
1307 4329 1377 4392 tam
1395 4244 1540 4391 sollicite
1560 4311 1763 4396 consuleris,
1792 4314 1910 4411 seipse,
1927 4312 2003 4388 nul·

650 4408 784 4503 latui,
808 4411 906 4488 nulla
926 4408 1094 4513 Baptisuii
1110 4417 1163 4492 tui
1188 4411 1305 4493 habita
1331 4416 1464 4494 tatione
1484 4460 1497 4503 ,
1523 4438 1586 4517 ptr
1605 4409 1793 4519 discipulos
1810 4408 1898 4489 suos
1916 4434 2003 4486 nunc

1902 4510 2002 4612 bapti·
