4667 5442
478 448 594 579 718·
836 434 1057 526 Onnrro
1109 434 1474 527 Pantorarcn

481 599 717 683 dissimulem,
746 595 814 672 alia
840 597 941 697 plane
968 624 1021 671 res
1055 600 1194 696 agiturt
1221 598 1277 670 cui
1304 594 1364 670 nisr
1386 595 1548 671 aliunde
1579 593 1721 674 decoris
1738 593 1813 695 aliqu·

488 694 746 802 splendorisque
768 695 927 777 accedat,
956 720 1068 767 metus
1090 696 1199 769 estne
1222 721 1293 792 prae
1321 696 1473 767 alterius
1501 694 1610 768 illius
1636 698 1813 793 magnitulir

488 801 560 873 haec
589 794 724 895 prorsus
752 792 919 873 vilescat,
956 795 992 864 &
1014 793 1075 863 vix
1093 792 1199 889 digna
1221 815 1291 864 tam
1322 789 1452 864 Illustri
1490 792 1774 890 gravissimorum

488 900 621 971 minum
636 894 800 966 concione
812 890 977 962 videatur.
1028 891 1208 961 Nimirum
1219 887 1419 961 Academiae
1435 888 1582 970 sasces,
1613 914 1710 987 quos
1723 888 1814 986 praltt'

488 992 575 1069 mihi
595 990 662 1063 hoc
675 1014 764 1061 anno
783 995 897 1061 Patres
916 983 1108 1082 Conscripti
1121 984 1283 1067 voluere,
1312 986 1362 1056 uti
1375 1010 1453 1057 non
1464 987 1596 1059 invito
1608 984 1759 1059 animos

488 1114 567 1170 tos,
595 1090 644 1161 ita
666 1087 738 1184 pari
759 1084 912 1156 lubentia
932 1086 963 1155 ei
987 1108 1032 1155 ex
1052 1083 1213 1180 Collegit
1235 1079 1425 1154 tradendos
1449 1107 1556 1156 nunc
1584 1082 1737 1166 habeo,
1760 1109 1780 1181 q

488 1193 646 1265 Resturae
665 1207 750 1256 meae
775 1175 992 1252 successorem
1013 1179 1171 1253 literariae
1191 1181 1240 1251 rei
1265 1187 1428 1253 Proceres
1455 1176 1716 1279 desrgnarunt.

491 1284 637 1382 quidem
660 1283 745 1351 intra
769 1277 921 1373 privatos
944 1278 1062 1349 Curiae
1085 1276 1206 1349 noslrae
1225 1277 1369 1373 parietes
1391 1274 1533 1349 sactum
1559 1276 1758 1367 hactenus,
1775 1301 1820 1350 tu

489 1383 574 1455 haut
587 1376 706 1474 paullo
726 1372 910 1446 solemnius
927 1376 962 1445 in
984 1370 1268 1471 Ampliffimahac
1285 1374 1459 1469 Panegyri
1478 1369 1564 1447 fieri
1589 1371 1767 1465 jufferunr,
1781 1377 1820 1472 qt

491 1480 558 1551 bus
576 1474 687 1548 nostra
705 1470 872 1542 debentur
891 1466 1068 1567 obsequia.

592 1576 767 1643 Caeterum
788 1563 811 1639 sr
832 1569 920 1639 intra
932 1566 1093 1665 angustos
1113 1564 1216 1656 hujus
1233 1561 1488 1666 qualiscunque
1507 1571 1726 1646 cerimoniae
1743 1568 1825 1645 rand
1855 1631 1862 1645 .

491 1660 547 1747 los
565 1665 679 1741 claudi
691 1664 800 1737 nostra
810 1664 950 1737 deberet
961 1666 1085 1739 Oratio
1095 1710 1107 1747 ,
1134 1662 1330 1736 tralatitiam
1348 1662 1562 1739 admodum
1577 1693 1622 1744 ac
1640 1666 1825 1744 sterilemtrn

493 1765 558 1841 elle
572 1783 766 1861 oporteret,
794 1764 831 1835 ὃ(
851 1762 905 1832 cui
923 1764 1097 1860 graviores
1110 1757 1234 1833 vestras
1253 1761 1494 1858 melioresque
1506 1765 1823 1864 occupationesnrl

494 1857 695 1962 postpositas
718 1854 783 1933 elle
804 1883 874 1932 non
894 1860 1070 1934 immerito
1088 1861 1161 1949 jure
1181 1856 1425 1954 quereremini.
1484 1862 1602 1947 Quid
1627 1867 1667 1937 ni
1688 1864 1741 1939 hic
1756 1863 1826 1940 licat

471 1961 696 2056 libeatque,
722 1952 977 2054 genetosrotum
987 1953 1265 2054 preditationum
1284 1953 1393 2025 veluti
1422 1951 1494 2027 alis
1517 1957 1744 2056 quibusdam
1760 1952 1825 2032 inlr·

464 2093 467 2100 ·
494 2060 605 2132 blime
621 2053 781 2136 evolare,
809 2056 845 2126 &
865 2046 1038 2124 occafione
1050 2049 1280 2149 sceptrorum,
1309 2075 1388 2147 quae
1401 2050 1629 2129 Academici
1649 2052 1824 2165 suntinsgti

493 2153 744 2253 Magistratus,
770 2174 921 2249 quaeque
939 2146 1025 2220 mihi
1046 2148 1205 2222 haeenus
1219 2146 1414 2254 praegestata
1434 2193 1447 2229 ‚
1479 2150 1596 2226 alteri
1615 2181 1708 2230 mox
1723 2149 1821 2254 prelati

495 2250 685 2332 videbitis,
712 2247 757 2319 ad
772 2248 890 2324 aeterni
912 2244 1006 2319 illius
1030 2241 1152 2344 sceptri
1175 2265 1339 2320 attentam
1362 2245 1643 2343 cogitationem
1667 2256 1766 2335 eniti,
1782 2267 1822 2345 qv

493 2351 568 2426 Uni
583 2342 654 2418 'ersr
673 2344 819 2443 quidem
838 2344 968 2424 totius,
997 2337 1057 2416 sed
1075 2335 1231 2418 Ecclesiae
1245 2341 1417 2439 praecipue
1437 2341 1515 2416 fata
1540 2349 1751 2424 moderatur
1769 2346 1821 2420 sm·

494 2471 573 2521 mus
587 2445 744 2516 omnium
764 2442 901 2516 Arbiter
912 2445 1020 2514 Deus.
1074 2439 1223 2551 rlbjeclae
1237 2441 1360 2511 mentis
1373 2435 1420 2511 est
1432 2442 1532 2514 circa
1546 2446 1669 2521 exilia
1680 2447 1737 2523 isla
1746 2450 1821 2540 &pu

496 2529 1819 2743 {sarrilaarat‘mrrrr:atrrsarrrrrtlrn

497 2733 597 2830 quod
617 2735 659 2804 iis
680 2732 843 2804 omnibus
864 2730 969 2827 longe
983 2729 1155 2830 augustius
1176 2728 1243 2813 est,
1271 2725 1512 2815 Christianos,
1547 2735 1591 2807 id
1609 2738 1686 2824 est,
1711 2735 1815 2813 celat·

496 2829 658 2908 didatos,
687 2829 778 2904 facit.
829 2832 874 2899 Et
894 2843 1002 2924 quern
1027 2849 1150 2925 praetet
1180 2824 1272 2902 hune
1296 2825 1490 2925 de··Regno
1514 2834 1596 2905 Dei
1616 2823 1812 2912 sermono

498 2926 566 3000 hoc
581 2924 723 2997 homine
733 2919 953 3020 exspectetis,
981 2928 1041 3022 qui
1053 2935 1166 3024 neque
1180 2923 1301 3020 didicit
1311 2922 1431 3006 aliud,
1458 2937 1592 3025 neque
1608 2920 1817 3030 docenpttdt

402 3032 405 3036 ’
498 3027 562 3123 qui
573 3023 689 3120 magni
710 3026 817 3120 Regis
836 3020 887 3094 sui
905 3023 1165 3120 incomparabili
1181 3020 1316 3119 fulgore
1334 3022 1432 3095 unice
1454 3027 1681 3119 perstrictus
1698 3033 1737 3104 ad
1749 3041 1826 3101 tm

497 3124 614 3195 omnia
632 3118 784 3219 caligat:
811 3120 907 3209 cujus
925 3119 1054 3192 idcirco
1074 3125 1110 3194 in
1134 3120 1260 3218 quovis
1276 3117 1345 3190 alio
1366 3140 1589 3215 argumento
1603 3118 1824 3242 languertnffi·
1869 3163 1871 3186 ÷

495 3239 614 3318 geret,
640 3212 787 3315 serperet
800 3219 935 3300 oratio,
962 3242 1032 3290 non
1043 3218 1162 3298 edolla
1173 3213 1360 3314 assurgere,
1388 3211 1448 3287 nist
1460 3224 1627 3314 quando
1640 3225 1826 3300 Diviniam·

498 3319 544 3388 ris
562 3315 712 3387 flammis
735 3312 920 3386 illustratus
936 3315 1061 3412 pariter
1077 3309 1305 3411 accensusque
1318 3315 1453 3386 animus
1464 3349 1480 3397 ,·
1509 3316 1563 3392 de
1578 3326 1672 3397 Deo
1692 3311 1829 3398 &christ

496 3414 570 3503 ejus
589 3409 808 3510 loquendum
829 3409 946 3493 habet.

594 3514 643 3582 At
661 3533 703 3583 ne
721 3533 783 3607 pet
800 3502 967 3582 immensa
977 3505 1090 3606 Regni
1102 3509 1168 3579 Dei
1187 3504 1293 3606 spatia
1314 3505 1421 3583 libere
1437 3512 1577 3598 nimis,
1607 3505 1829 3618 justoqttl'o

498 3608 588 3688 tius,
616 3603 728 3679 nostra
747 3627 891 3705 vagetur
904 3604 1050 3700 Oratio3
1075 3603 1118 3675 de
1139 3603 1203 3677 illo
1223 3605 1312 3682 irunt
1326 3604 1438 3681 solum
1457 3613 1621 3686 Racno
1645 3617 1734 3692 Dar
1747 3599 1829 3686 Μ’

496 3698 615 3775 sumus
632 3701 731 3802 quod
751 3704 786 3775 in
804 3695 914 3801 prisco
933 3702 1042 3775 erexit
1066 3708 1247 3776 lentate·
1298 3709 1375 3777 Imo
1394 3707 1432 3777 &
1449 3702 1520 3779 hoc
1539 3706 1673 3820 ipsum
1686 3721 1739 3788 ea
1755 3703 1835 3784 sol!

498 3796 583 3871 facie
604 3797 838 3881 intuebimur,
866 3823 936 3897 qua
953 3798 1070 3874 Civilia
1089 3803 1263 3897 regimina
1284 3800 1430 3876 formam
1452 3799 1587 3879 habuit
1599 3854 1614 3891 ,
1643 3801 1841 3901 cujusnam·

498 3918 541 3966 ne
563 3888 787 3970 lsra'e'litarum
800 3893 1008 3994 Respublica
1016 3900 1289 3972 anocnarra
1303 3897 1372 3974 dici
1381 3923 1569 3980 mereatur.
1627 3905 1738 3984 nlius
1754 3899 1846 3992 tufi.

496 3990 642 4093 quidem
661 3995 781 4074 initia,
804 3988 863 4065 sed
879 3993 1074 4067 mirabilem
1093 3989 1232 4107 prorsus
1253 3995 1399 4078 anesum,
1416 4018 1611 4112 totamque
1624 3991 1844 4080 adcola&

494 4088 533 4160 &
551 4090 740 4172 rationem,
768 4112 896 4188 quanta
917 4086 990 4174 fieri
998 4113 1129 4191 potent
1147 4090 1337 4192 brevitate,
1365 4087 1570 4191 exposuurr.

592 4187 709 4259 Deum
746 4190 890 4260 Reman
931 4183 1030 4273 else,
1075 4190 1115 4264 dc
1147 4189 1332 4270 inanimata
1366 4186 1547 4277 sentiunt,
1590 4198 1636 4272 &
1668 4199 1775 4276 bruta
1802 4193 1846 4270 lo·

492 4303 671 4379 quuntur,
698 4284 735 4356 &
753 4283 835 4358 mali
854 4284 1061 4372 demones,
1089 4289 1251 4385 quamvis
1273 4287 1403 4378 ejurato
1420 4289 1533 4386 Regia
1550 4291 1771 4398 obsequio,
1794 4295 1847 4370 fir·

493 4401 627 4458 nentes
641 4378 904 4535 frendentesqpe
917 4380 1130 4488 agnoscunt,
1155 4385 1195 4462 δε
1212 4386 1277 4489 qui
1294 4384 1455 4490 proxime
1472 4388 1519 4470 iis
1537 4391 1845 4572 accedunipffinmtltt't

1798 4511 1845 4565 ea·
