<?xml version="1.0" encoding="UTF-8"?>
<!DOCTYPE html PUBLIC "-//W3C//DTD XHTML 1.0 Transitional//EN"
    "http://www.w3.org/TR/xhtml1/DTD/xhtml1-transitional.dtd">
<html xmlns="http://www.w3.org/1999/xhtml" xml:lang="en" lang="en">
 <head>
  <title>
</title>
<meta http-equiv="Content-Type" content="text/html;charset=utf-8" />
  <meta name='ocr-system' content='tesseract 3.04.00' />
  <meta name='ocr-capabilities' content='ocr_page ocr_carea ocr_par ocr_line ocrx_word'/>
</head>
<body>
  <div class='ocr_page' id='page_1' title='image "./hermanniwitsiim01witsgoog/hermanniwitsiim01witsgoog_0958.png"; bbox 0 0 4667 5442; ppageno 0'>
   <div class='ocr_carea' id='block_1_1' title="bbox 663 507 1802 614">
    <p class='ocr_par' dir='ltr' id='par_1_1' title="bbox 663 507 1802 614">
     <span class='ocr_line' id='line_1_1' title="bbox 663 507 1802 614; baseline 0.01 -34"><span class='ocrx_word' id='word_1_1' title='bbox 663 507 1115 614; x_wconf 71' lang='lat' dir='ltr'>onsERTltrto</span> <span class='ocrx_word' id='word_1_2' title='bbox 1155 507 1571 586; x_wconf 79' lang='lat' dir='ltr'><strong>EPISTOLICA.</strong></span> <span class='ocrx_word' id='word_1_3' title='bbox 1727 513 1802 610; x_wconf 53' lang='lat'>153⁴</span> 
     </span>
    </p>
   </div>
   <div class='ocr_carea' id='block_1_2' title="bbox 371 685 1893 3365">
    <p class='ocr_par' dir='ltr' id='par_1_2' title="bbox 371 685 1893 3365">
     <span class='ocr_line' id='line_1_2' title="bbox 440 685 1801 789; baseline 0.001 -23"><span class='ocrx_word' id='word_1_4' title='bbox 440 697 593 773; x_wconf 87' lang='lat' dir='ltr'>deantur,</span> <span class='ocrx_word' id='word_1_5' title='bbox 614 716 725 789; x_wconf 87' lang='lat' dir='ltr'>oeque</span> <span class='ocrx_word' id='word_1_6' title='bbox 740 690 832 762; x_wconf 92' lang='lat' dir='ltr'>aliter</span> <span class='ocrx_word' id='word_1_7' title='bbox 848 693 888 760; x_wconf 85' lang='lat' dir='ltr'>iis</span> <span class='ocrx_word' id='word_1_8' title='bbox 912 688 1031 761; x_wconf 66' lang='lat' dir='ltr'>adsedi</span> <span class='ocrx_word' id='word_1_9' title='bbox 1049 685 1109 762; x_wconf 88' lang='lat' dir='ltr'>stnt</span> <span class='ocrx_word' id='word_1_10' title='bbox 1131 713 1231 785; x_wconf 89' lang='lat' dir='ltr'>quam</span> <span class='ocrx_word' id='word_1_11' title='bbox 1250 686 1272 760; x_wconf 89' lang='lat' dir='ltr'>st</span> <span class='ocrx_word' id='word_1_12' title='bbox 1293 688 1391 762; x_wconf 80' lang='lat' dir='ltr'>rebus</span> <span class='ocrx_word' id='word_1_13' title='bbox 1412 688 1487 789; x_wconf 85' lang='lat' dir='ltr'>ipfis</span> <span class='ocrx_word' id='word_1_14' title='bbox 1508 688 1678 789; x_wconf 63' lang='lat' dir='ltr'>presentet</span> <span class='ocrx_word' id='word_1_15' title='bbox 1697 696 1801 767; x_wconf 87' lang='lat' dir='ltr'>inter·</span> 
     </span>
     <span class='ocr_line' id='line_1_3' title="bbox 441 787 1799 890; baseline 0 -23"><span class='ocrx_word' id='word_1_16' title='bbox 441 792 550 867; x_wconf 81' lang='lat' dir='ltr'>esseut.</span> <span class='ocrx_word' id='word_1_17' title='bbox 616 798 695 887; x_wconf 86' lang='lat' dir='ltr'>Quo</span> <span class='ocrx_word' id='word_1_18' title='bbox 714 794 821 862; x_wconf 87' lang='lat' dir='ltr'>anima</span> <span class='ocrx_word' id='word_1_19' title='bbox 836 795 970 888; x_wconf 79' lang='lat' dir='ltr'>propior</span> <span class='ocrx_word' id='word_1_20' title='bbox 985 787 1069 862; x_wconf 83' lang='lat' dir='ltr'>coelo</span> <span class='ocrx_word' id='word_1_21' title='bbox 1084 789 1150 868; x_wconf 85' lang='lat' dir='ltr'>est,</span> <span class='ocrx_word' id='word_1_22' title='bbox 1179 814 1219 882; x_wconf 86' lang='lat' dir='ltr'>eo</span> <span class='ocrx_word' id='word_1_23' title='bbox 1238 792 1336 861; x_wconf 89' lang='lat' dir='ltr'>etiam</span> <span class='ocrx_word' id='word_1_24' title='bbox 1352 788 1618 864; x_wconf 81' lang='lat' dir='ltr'>luculentioribus</span> <span class='ocrx_word' id='word_1_25' title='bbox 1635 792 1799 890; x_wconf 79' lang='lat' dir='ltr'>supercre-</span> 
     </span>
     <span class='ocr_line' id='line_1_4' title="bbox 439 884 1797 985; baseline 0.001 -21"><span class='ocrx_word' id='word_1_26' title='bbox 439 894 524 966; x_wconf 85' lang='lat' dir='ltr'>lellit</span> <span class='ocrx_word' id='word_1_27' title='bbox 544 891 676 963; x_wconf 88' lang='lat' dir='ltr'>luminis</span> <span class='ocrx_word' id='word_1_28' title='bbox 691 892 788 961; x_wconf 86' lang='lat' dir='ltr'>radiis</span> <span class='ocrx_word' id='word_1_29' title='bbox 809 888 1021 966; x_wconf 84' lang='lat' dir='ltr'>collustratur,</span> <span class='ocrx_word' id='word_1_30' title='bbox 1048 884 1272 960; x_wconf 79' lang='lat' dir='ltr'>emanantibus</span> <span class='ocrx_word' id='word_1_31' title='bbox 1285 887 1326 959; x_wconf 91' lang='lat' dir='ltr'>ab</span> <span class='ocrx_word' id='word_1_32' title='bbox 1342 894 1456 985; x_wconf 85' lang='lat' dir='ltr'>coqui</span> <span class='ocrx_word' id='word_1_33' title='bbox 1470 892 1515 960; x_wconf 85' lang='lat' dir='ltr'>est</span> <span class='ocrx_word' id='word_1_34' title='bbox 1529 902 1653 978; x_wconf 70' lang='lat' dir='ltr'>aiveinis</span> <span class='ocrx_word' id='word_1_35' title='bbox 1666 946 1674 971; x_wconf 90' lang='lat'>,</span> <span class='ocrx_word' id='word_1_36' title='bbox 1699 903 1732 965; x_wconf 79' lang='lat' dir='ltr'>dc</span> <span class='ocrx_word' id='word_1_37' title='bbox 1746 891 1797 965; x_wconf 86' lang='lat' dir='ltr'>lu&#39;-</span> 
     </span>
     <span class='ocr_line' id='line_1_5' title="bbox 438 986 1797 1089; baseline -0.001 -24"><span class='ocrx_word' id='word_1_38' title='bbox 438 1017 511 1065; x_wconf 88' lang='lat' dir='ltr'>cem</span> <span class='ocrx_word' id='word_1_39' title='bbox 529 988 651 1062; x_wconf 89' lang='lat' dir='ltr'>habitat</span> <span class='ocrx_word' id='word_1_40' title='bbox 668 986 868 1071; x_wconf 83' lang='lat' dir='ltr'>inaccrffim,</span> <span class='ocrx_word' id='word_1_41' title='bbox 891 999 927 1063; x_wconf 93' lang='lat'><strong>&amp;</strong></span> <span class='ocrx_word' id='word_1_42' title='bbox 950 992 1075 1086; x_wconf 85' lang='lat' dir='ltr'>puriori</span> <span class='ocrx_word' id='word_1_43' title='bbox 1088 990 1207 1086; x_wconf 86' lang='lat' dir='ltr'>gaudio</span> <span class='ocrx_word' id='word_1_44' title='bbox 1225 986 1380 1085; x_wconf 89' lang='lat' dir='ltr'>repletur,</span> <span class='ocrx_word' id='word_1_45' title='bbox 1407 988 1491 1062; x_wconf 83' lang='lat' dir='ltr'>coelo</span> <span class='ocrx_word' id='word_1_46' title='bbox 1506 994 1539 1060; x_wconf 90' lang='lat' dir='ltr'>in</span> <span class='ocrx_word' id='word_1_47' title='bbox 1557 996 1698 1063; x_wconf 89' lang='lat' dir='ltr'>animam</span> <span class='ocrx_word' id='word_1_48' title='bbox 1713 1018 1797 1089; x_wconf 89' lang='lat' dir='ltr'>qua·</span> 
     </span>
     <span class='ocr_line' id='line_1_6' title="bbox 438 1085 1797 1188; baseline 0.003 -27"><span class='ocrx_word' id='word_1_49' title='bbox 438 1088 462 1161; x_wconf 87' lang='lat' dir='ltr'>li</span> <span class='ocrx_word' id='word_1_50' title='bbox 483 1086 716 1168; x_wconf 80' lang='lat' dir='ltr'>descendente,</span> <span class='ocrx_word' id='word_1_51' title='bbox 738 1110 913 1184; x_wconf 81' lang='lat' dir='ltr'>antequam</span> <span class='ocrx_word' id='word_1_52' title='bbox 929 1091 1035 1158; x_wconf 88' lang='lat' dir='ltr'>anima</span> <span class='ocrx_word' id='word_1_53' title='bbox 1051 1090 1226 1186; x_wconf 78' lang='lat' dir='ltr'>recipiatur</span> <span class='ocrx_word' id='word_1_54' title='bbox 1239 1085 1336 1161; x_wconf 86' lang='lat' dir='ltr'>roelo.</span> <span class='ocrx_word' id='word_1_55' title='bbox 1387 1088 1586 1186; x_wconf 87' lang='lat' dir='ltr'>Frequenter</span> <span class='ocrx_word' id='word_1_56' title='bbox 1602 1092 1635 1161; x_wconf 92' lang='lat' dir='ltr'>id</span> <span class='ocrx_word' id='word_1_57' title='bbox 1650 1096 1741 1188; x_wconf 77' lang='lat' dir='ltr'>agris</span> <span class='ocrx_word' id='word_1_58' title='bbox 1758 1115 1797 1164; x_wconf 80' lang='lat' dir='ltr'>ac</span> 
     </span>
     <span class='ocr_line' id='line_1_7' title="bbox 371 1181 1797 1290; baseline -0.001 -27"><span class='ocrx_word' id='word_1_59' title='bbox 371 1181 375 1188; x_wconf 44' lang='lat'>¹</span> <span class='ocrx_word' id='word_1_60' title='bbox 438 1188 640 1263; x_wconf 78' lang='lat' dir='ltr'>moribundis</span> <span class='ocrx_word' id='word_1_61' title='bbox 658 1191 815 1266; x_wconf 83' lang='lat' dir='ltr'>accidere,</span> <span class='ocrx_word' id='word_1_62' title='bbox 840 1186 978 1260; x_wconf 86' lang='lat' dir='ltr'>historiae</span> <span class='ocrx_word' id='word_1_63' title='bbox 991 1189 1032 1257; x_wconf 90' lang='lat' dir='ltr'>de</span> <span class='ocrx_word' id='word_1_64' title='bbox 1053 1191 1120 1259; x_wconf 89' lang='lat' dir='ltr'>vita</span> <span class='ocrx_word' id='word_1_65' title='bbox 1135 1212 1174 1260; x_wconf 90' lang='lat' dir='ltr'>ac</span> <span class='ocrx_word' id='word_1_66' title='bbox 1192 1208 1297 1260; x_wconf 89' lang='lat' dir='ltr'>morte</span> <span class='ocrx_word' id='word_1_67' title='bbox 1314 1192 1464 1287; x_wconf 88' lang='lat' dir='ltr'>piorum,</span> <span class='ocrx_word' id='word_1_68' title='bbox 1488 1198 1524 1264; x_wconf 80' lang='lat' dir='ltr'>dc</span> <span class='ocrx_word' id='word_1_69' title='bbox 1539 1188 1677 1289; x_wconf 84' lang='lat' dir='ltr'>diligent</span> <span class='ocrx_word' id='word_1_70' title='bbox 1691 1215 1797 1290; x_wconf 83' lang='lat' dir='ltr'>agro·</span> 
     </span>
     <span class='ocr_line' id='line_1_8' title="bbox 439 1287 1736 1362; baseline -0.003 0"><span class='ocrx_word' id='word_1_71' title='bbox 439 1312 514 1362; x_wconf 81' lang='lat' dir='ltr'>rum</span> <span class='ocrx_word' id='word_1_72' title='bbox 534 1287 670 1362; x_wconf 76' lang='lat' dir='ltr'>visitatio</span> <span class='ocrx_word' id='word_1_73' title='bbox 684 1294 851 1360; x_wconf 83' lang='lat' dir='ltr'>evincunt.</span> <span class='ocrx_word' id='word_1_74' title='bbox 1733 1331 1736 1336; x_wconf 94' lang='lat'>-</span> 
     </span>
     <span class='ocr_line' id='line_1_9' title="bbox 555 1385 1799 1485; baseline 0 -26"><span class='ocrx_word' id='word_1_75' title='bbox 555 1389 721 1459; x_wconf 83' lang='lat' dir='ltr'>LXXIII.</span> <span class='ocrx_word' id='word_1_76' title='bbox 756 1390 917 1485; x_wconf 80' lang='lat' dir='ltr'>Quamvis</span> <span class='ocrx_word' id='word_1_77' title='bbox 935 1386 1085 1457; x_wconf 83' lang='lat' dir='ltr'>imminet</span> <span class='ocrx_word' id='word_1_78' title='bbox 1104 1385 1246 1468; x_wconf 81' lang='lat' dir='ltr'>carnales</span> <span class='ocrx_word' id='word_1_79' title='bbox 1266 1396 1301 1461; x_wconf 77' lang='lat' dir='ltr'>de</span> <span class='ocrx_word' id='word_1_80' title='bbox 1321 1391 1486 1475; x_wconf 67' lang='lat' dir='ltr'>bauderuna</span> <span class='ocrx_word' id='word_1_81' title='bbox 1510 1388 1636 1461; x_wconf 87' lang='lat' dir='ltr'>adunco</span> <span class='ocrx_word' id='word_1_82' title='bbox 1656 1388 1725 1460; x_wconf 82' lang='lat' dir='ltr'>haec</span> <span class='ocrx_word' id='word_1_83' title='bbox 1746 1410 1799 1461; x_wconf 90' lang='lat' dir='ltr'>ra-</span> 
     </span>
     <span class='ocr_line' id='line_1_10' title="bbox 437 1482 1796 1584; baseline 0.001 -27"><span class='ocrx_word' id='word_1_84' title='bbox 437 1484 482 1557; x_wconf 91' lang='lat' dir='ltr'>lia</span> <span class='ocrx_word' id='word_1_85' title='bbox 502 1484 575 1561; x_wconf 84' lang='lat' dir='ltr'>naso</span> <span class='ocrx_word' id='word_1_86' title='bbox 590 1482 800 1584; x_wconf 86' lang='lat' dir='ltr'>suspendere.</span> <span class='ocrx_word' id='word_1_87' title='bbox 827 1512 863 1556; x_wconf 91' lang='lat' dir='ltr'>ac</span> <span class='ocrx_word' id='word_1_88' title='bbox 879 1511 938 1582; x_wconf 86' lang='lat' dir='ltr'>pro</span> <span class='ocrx_word' id='word_1_89' title='bbox 951 1484 1193 1558; x_wconf 84' lang='lat' dir='ltr'>melancholicis</span> <span class='ocrx_word' id='word_1_90' title='bbox 1217 1486 1363 1563; x_wconf 83' lang='lat' dir='ltr'>delitiis,</span> <span class='ocrx_word' id='word_1_91' title='bbox 1397 1510 1449 1559; x_wconf 91' lang='lat' dir='ltr'>aut</span> <span class='ocrx_word' id='word_1_92' title='bbox 1468 1484 1722 1560; x_wconf 84' lang='lat' dir='ltr'>febricitantium</span> <span class='ocrx_word' id='word_1_93' title='bbox 1744 1490 1796 1559; x_wconf 85' lang='lat' dir='ltr'>itt·</span> 
     </span>
     <span class='ocr_line' id='line_1_11' title="bbox 437 1582 1796 1758; baseline 0.001 -102"><span class='ocrx_word' id='word_1_94' title='bbox 437 1590 527 1756; x_wconf 53' lang='lat' dir='ltr'>{pqr</span> <span class='ocrx_word' id='word_1_95' title='bbox 549 1583 989 1758; x_wconf 54' lang='lat' dir='ltr'>{maglieqqrioniburdrideantr</span> <span class='ocrx_word' id='word_1_96' title='bbox 1017 1589 1040 1654; x_wconf 96' lang='lat' dir='ltr'>ii</span> <span class='ocrx_word' id='word_1_97' title='bbox 1060 1606 1168 1701; x_wconf 76' lang='lat' dir='ltr'>tamen</span> <span class='ocrx_word' id='word_1_98' title='bbox 1185 1591 1243 1756; x_wconf 61' lang='lat' dir='ltr'>qlqi</span> <span class='ocrx_word' id='word_1_99' title='bbox 1258 1582 1620 1758; x_wconf 59' lang='lat' dir='ltr'>experiuntur,quittqt1</span> <span class='ocrx_word' id='word_1_100' title='bbox 1631 1585 1649 1658; x_wconf 84' lang='lat' dir='ltr'>l</span> <span class='ocrx_word' id='word_1_101' title='bbox 1666 1587 1741 1660; x_wconf 86' lang='lat' dir='ltr'>Deo</span> <span class='ocrx_word' id='word_1_102' title='bbox 1755 1584 1796 1658; x_wconf 86' lang='lat' dir='ltr'>li-</span> 
     </span>
     <span class='ocr_line' id='line_1_12' title="bbox 463 1705 1797 1759; baseline 0.004 -5"><span class='ocrx_word' id='word_1_103' title='bbox 463 1705 475 1754; x_wconf 91' lang='lat' dir='ltr'>t</span> <span class='ocrx_word' id='word_1_104' title='bbox 514 1709 627 1758; x_wconf 85' lang='lat' dir='ltr'>artooe</span> <span class='ocrx_word' id='word_1_105' title='bbox 696 1710 752 1758; x_wconf 86' lang='lat' dir='ltr'>um</span> <span class='ocrx_word' id='word_1_106' title='bbox 792 1711 831 1757; x_wconf 91' lang='lat' dir='ltr'>au</span> <span class='ocrx_word' id='word_1_107' title='bbox 856 1707 961 1757; x_wconf 86' lang='lat' dir='ltr'>rorum</span> <span class='ocrx_word' id='word_1_108' title='bbox 1019 1705 1151 1759; x_wconf 85' lang='lat' dir='ltr'>tnttttas.</span> <span class='ocrx_word' id='word_1_109' title='bbox 1240 1710 1284 1758; x_wconf 90' lang='lat' dir='ltr'>on</span> <span class='ocrx_word' id='word_1_110' title='bbox 1304 1707 1337 1755; x_wconf 89' lang='lat' dir='ltr'>tn</span> <span class='ocrx_word' id='word_1_111' title='bbox 1363 1706 1468 1758; x_wconf 85' lang='lat' dir='ltr'>rarum</span> <span class='ocrx_word' id='word_1_112' title='bbox 1521 1709 1569 1756; x_wconf 84' lang='grc' dir='ltr'>ιι</span> <span class='ocrx_word' id='word_1_113' title='bbox 1619 1708 1730 1759; x_wconf 89' lang='lat' dir='ltr'>turum</span> <span class='ocrx_word' id='word_1_114' title='bbox 1746 1710 1797 1759; x_wconf 87' lang='lat' dir='ltr'>ar·</span> 
     </span>
     <span class='ocr_line' id='line_1_13' title="bbox 439 1708 1796 1885; baseline 0.002 -31"><span class='ocrx_word' id='word_1_115' title='bbox 439 1780 557 1875; x_wconf 88' lang='lat' dir='ltr'>bitror,</span> <span class='ocrx_word' id='word_1_116' title='bbox 585 1786 702 1859; x_wconf 82' lang='lat' dir='ltr'>Habere</span> <span class='ocrx_word' id='word_1_117' title='bbox 723 1712 921 1880; x_wconf 54' lang='lat' dir='ltr'>Accipiam,</span> <span class='ocrx_word' id='word_1_118' title='bbox 946 1708 1056 1879; x_wconf 55' lang='lat' dir='ltr'>nepqtm</span> <span class='ocrx_word' id='word_1_119' title='bbox 1074 1780 1189 1859; x_wconf 90' lang='lat' dir='ltr'>inutile</span> <span class='ocrx_word' id='word_1_120' title='bbox 1208 1788 1247 1856; x_wconf 82' lang='lat' dir='ltr'>iis</span> <span class='ocrx_word' id='word_1_121' title='bbox 1262 1789 1321 1880; x_wconf 92' lang='lat' dir='ltr'>qui</span> <span class='ocrx_word' id='word_1_122' title='bbox 1336 1710 1443 1858; x_wconf 71' lang='lat' dir='ltr'>tgecum</span> <span class='ocrx_word' id='word_1_123' title='bbox 1462 1784 1545 1857; x_wconf 88' lang='lat' dir='ltr'>ltane</span> <span class='ocrx_word' id='word_1_124' title='bbox 1560 1783 1732 1885; x_wconf 83' lang='lat' dir='ltr'>Epistulam</span> <span class='ocrx_word' id='word_1_125' title='bbox 1747 1785 1796 1857; x_wconf 89' lang='lat' dir='ltr'>le-</span> 
     </span>
     <span class='ocr_line' id='line_1_14' title="bbox 382 1879 1839 1985; baseline 0.004 -31"><span class='ocrx_word' id='word_1_126' title='bbox 382 1973 385 1979; x_wconf 29' lang='lat'>·</span> <span class='ocrx_word' id='word_1_127' title='bbox 437 1908 517 1981; x_wconf 86' lang='lat' dir='ltr'>gere</span> <span class='ocrx_word' id='word_1_128' title='bbox 532 1882 772 1982; x_wconf 80' lang='lat' dir='ltr'>dignabuntur,</span> <span class='ocrx_word' id='word_1_129' title='bbox 797 1886 838 1956; x_wconf 88' lang='lat' dir='ltr'>ad</span> <span class='ocrx_word' id='word_1_130' title='bbox 854 1887 992 1981; x_wconf 83' lang='lat' dir='ltr'>Spiritus</span> <span class='ocrx_word' id='word_1_131' title='bbox 1004 1879 1118 1980; x_wconf 77' lang='lat' dir='ltr'>glorie</span> <span class='ocrx_word' id='word_1_132' title='bbox 1132 1880 1423 1982; x_wconf 86' lang='lat' dir='ltr'>glorificationem,</span> <span class='ocrx_word' id='word_1_133' title='bbox 1452 1882 1647 1985; x_wconf 82' lang='lat' dir='ltr'>stexemplir</span> <span class='ocrx_word' id='word_1_134' title='bbox 1659 1884 1798 1982; x_wconf 72' lang='lat' dir='ltr'>quibus·</span> <span class='ocrx_word' id='word_1_135' title='bbox 1836 1952 1839 1960; x_wconf 93' lang='lat'>.</span> 
     </span>
     <span class='ocr_line' id='line_1_15' title="bbox 439 1980 1747 2083; baseline 0.003 -29"><span class='ocrx_word' id='word_1_136' title='bbox 439 1984 527 2074; x_wconf 71' lang='lat' dir='ltr'>dam,</span> <span class='ocrx_word' id='word_1_137' title='bbox 552 2011 625 2081; x_wconf 87' lang='lat' dir='ltr'>quae</span> <span class='ocrx_word' id='word_1_138' title='bbox 645 2010 744 2083; x_wconf 87' lang='lat' dir='ltr'>pauca</span> <span class='ocrx_word' id='word_1_139' title='bbox 758 2006 853 2057; x_wconf 88' lang='lat' dir='ltr'>erunt</span> <span class='ocrx_word' id='word_1_140' title='bbox 867 2009 906 2053; x_wconf 86' lang='lat' dir='ltr'>ex</span> <span class='ocrx_word' id='word_1_141' title='bbox 925 1982 1088 2078; x_wconf 85' lang='lat' dir='ltr'>plurimis,</span> <span class='ocrx_word' id='word_1_142' title='bbox 1107 1980 1365 2055; x_wconf 86' lang='lat' dir='ltr'>observationem</span> <span class='ocrx_word' id='word_1_143' title='bbox 1381 1980 1465 2056; x_wconf 90' lang='lat' dir='ltr'>banc</span> <span class='ocrx_word' id='word_1_144' title='bbox 1479 1981 1643 2056; x_wconf 87' lang='lat' dir='ltr'>firmatum</span> <span class='ocrx_word' id='word_1_145' title='bbox 1662 2009 1747 2058; x_wconf 66' lang='lat' dir='ltr'>mm.</span> 
     </span>
     <span class='ocr_line' id='line_1_16' title="bbox 564 2080 1816 2181; baseline 0.002 -25"><span class='ocrx_word' id='word_1_146' title='bbox 564 2088 722 2159; x_wconf 82' lang='lat' dir='ltr'><strong>LXXIV.</strong></span> <span class='ocrx_word' id='word_1_147' title='bbox 766 2089 819 2156; x_wconf 87' lang='lat' dir='ltr'>De</span> <span class='ocrx_word' id='word_1_148' title='bbox 836 2084 973 2181; x_wconf 81' lang='lat' dir='ltr'>Olympia</span> <span class='ocrx_word' id='word_1_149' title='bbox 991 2084 1101 2154; x_wconf 82' lang='lat' dir='ltr'>Fulvia</span> <span class='ocrx_word' id='word_1_150' title='bbox 1117 2090 1268 2162; x_wconf 74' lang='lat' dir='ltr'>Murra,</span> <span class='ocrx_word' id='word_1_151' title='bbox 1299 2080 1478 2157; x_wconf 89' lang='lat' dir='ltr'>litterarum</span> <span class='ocrx_word' id='word_1_152' title='bbox 1501 2090 1537 2157; x_wconf 75' lang='grc' dir='ltr'>δι</span> <span class='ocrx_word' id='word_1_153' title='bbox 1556 2087 1683 2181; x_wconf 81' lang='lat' dir='ltr'>pietatis</span> <span class='ocrx_word' id='word_1_154' title='bbox 1702 2083 1816 2157; x_wconf 83' lang='lat' dir='ltr'>laude-</span> 
     </span>
     <span class='ocr_line' id='line_1_17' title="bbox 438 2182 1800 2280; baseline 0.001 -27"><span class='ocrx_word' id='word_1_155' title='bbox 438 2182 562 2256; x_wconf 86' lang='lat' dir='ltr'>incluta</span> <span class='ocrx_word' id='word_1_156' title='bbox 576 2182 724 2263; x_wconf 75' lang='lat' dir='ltr'>faentina,</span> <span class='ocrx_word' id='word_1_157' title='bbox 751 2183 851 2257; x_wconf 80' lang='lat' dir='ltr'>refert</span> <span class='ocrx_word' id='word_1_158' title='bbox 866 2187 999 2254; x_wconf 84' lang='lat' dir='ltr'>maritus</span> <span class='ocrx_word' id='word_1_159' title='bbox 1019 2188 1087 2275; x_wconf 77' lang='lat' dir='ltr'>eius</span> <span class='ocrx_word' id='word_1_160' title='bbox 1109 2185 1247 2252; x_wconf 81' lang='lat' dir='ltr'>Andreas</span> <span class='ocrx_word' id='word_1_161' title='bbox 1260 2186 1446 2264; x_wconf 83' lang='lat' dir='ltr'>Grumlceue,</span> <span class='ocrx_word' id='word_1_162' title='bbox 1471 2186 1507 2252; x_wconf 93' lang='lat' dir='ltr'>in</span> <span class='ocrx_word' id='word_1_163' title='bbox 1526 2182 1659 2280; x_wconf 83' lang='lat' dir='ltr'>epistola</span> <span class='ocrx_word' id='word_1_164' title='bbox 1676 2185 1716 2253; x_wconf 89' lang='lat' dir='ltr'>ad</span> <span class='ocrx_word' id='word_1_165' title='bbox 1734 2190 1800 2254; x_wconf 82' lang='lat' dir='ltr'>Ce-</span> 
     </span>
     <span class='ocr_line' id='line_1_18' title="bbox 436 2281 1838 2381; baseline 0.001 -26"><span class='ocrx_word' id='word_1_166' title='bbox 436 2284 510 2355; x_wconf 85' lang='lat' dir='ltr'>lr&#39;erm</span> <span class='ocrx_word' id='word_1_167' title='bbox 526 2286 690 2356; x_wconf 79' lang='lat' dir='ltr'>Secundum</span> <span class='ocrx_word' id='word_1_168' title='bbox 712 2286 883 2358; x_wconf 80' lang='lat' dir='ltr'>Curionem,</span> <span class='ocrx_word' id='word_1_169' title='bbox 916 2305 990 2377; x_wconf 83' lang='lat' dir='ltr'>quae</span> <span class='ocrx_word' id='word_1_170' title='bbox 1006 2306 1082 2352; x_wconf 88' lang='lat' dir='ltr'>cum</span> <span class='ocrx_word' id='word_1_171' title='bbox 1102 2285 1244 2381; x_wconf 70' lang='lat' dir='ltr'>Olympia</span> <span class='ocrx_word' id='word_1_172' title='bbox 1263 2281 1413 2378; x_wconf 75' lang='lat' dir='ltr'>Epistolis</span> <span class='ocrx_word' id='word_1_173' title='bbox 1433 2309 1472 2357; x_wconf 86' lang='lat' dir='ltr'>ae</span> <span class='ocrx_word' id='word_1_174' title='bbox 1493 2286 1653 2362; x_wconf 68' lang='lat' dir='ltr'>Poematis</span> <span class='ocrx_word' id='word_1_175' title='bbox 1675 2286 1797 2356; x_wconf 79' lang='lat' dir='ltr'>Graecis</span> <span class='ocrx_word' id='word_1_176' title='bbox 1833 2289 1838 2298; x_wconf 88' lang='lat'>&#39;</span> 
     </span>
     <span class='ocr_line' id='line_1_19' title="bbox 438 2377 1800 2477; baseline -0.001 -22"><span class='ocrx_word' id='word_1_177' title='bbox 438 2388 476 2455; x_wconf 75' lang='lat' dir='ltr'>dt</span> <span class='ocrx_word' id='word_1_178' title='bbox 495 2387 615 2454; x_wconf 84' lang='lat' dir='ltr'>Latinis</span> <span class='ocrx_word' id='word_1_179' title='bbox 632 2386 720 2453; x_wconf 89' lang='lat' dir='ltr'>edita</span> <span class='ocrx_word' id='word_1_180' title='bbox 736 2384 798 2462; x_wconf 81' lang='lat' dir='ltr'>eil,</span> <span class='ocrx_word' id='word_1_181' title='bbox 824 2382 893 2455; x_wconf 72' lang='lat' dir='ltr'>lter</span> <span class='ocrx_word' id='word_1_182' title='bbox 908 2377 1085 2477; x_wconf 85' lang='lat' dir='ltr'>sequentia.</span> <span class='ocrx_word' id='word_1_183' title='bbox 1161 2389 1265 2450; x_wconf 84' lang='lat' dir='ltr'>lerme</span> <span class='ocrx_word' id='word_1_184' title='bbox 1281 2386 1424 2461; x_wconf 87' lang='lat' dir='ltr'>moriens,</span> <span class='ocrx_word' id='word_1_185' title='bbox 1445 2405 1540 2476; x_wconf 81' lang='lat' dir='ltr'>quum</span> <span class='ocrx_word' id='word_1_186' title='bbox 1555 2379 1573 2455; x_wconf 79' lang='lat' dir='ltr'>l</span> <span class='ocrx_word' id='word_1_187' title='bbox 1582 2381 1685 2472; x_wconf 71' lang='lat' dir='ltr'>finum</span> <span class='ocrx_word' id='word_1_188' title='bbox 1698 2386 1800 2476; x_wconf 79' lang='lat' dir='ltr'>paule</span> 
     </span>
     <span class='ocr_line' id='line_1_20' title="bbox 437 2479 1795 2574; baseline 0.001 -21"><span class='ocrx_word' id='word_1_189' title='bbox 437 2500 507 2553; x_wconf 85' lang='lat' dir='ltr'>ante</span> <span class='ocrx_word' id='word_1_190' title='bbox 520 2490 683 2574; x_wconf 75' lang='lat' dir='ltr'>expeeeelia</span> <span class='ocrx_word' id='word_1_191' title='bbox 696 2482 783 2571; x_wconf 79' lang='lat' dir='ltr'>effer,</span> <span class='ocrx_word' id='word_1_192' title='bbox 807 2483 874 2569; x_wconf 72' lang='lat' dir='ltr'>vide</span> <span class='ocrx_word' id='word_1_193' title='bbox 891 2479 930 2570; x_wconf 73' lang='lat' dir='ltr'>est</span> <span class='ocrx_word' id='word_1_194' title='bbox 947 2482 1038 2557; x_wconf 76' lang='lat' dir='ltr'>milri,</span> <span class='ocrx_word' id='word_1_195' title='bbox 1059 2480 1157 2564; x_wconf 79' lang='lat' dir='ltr'>neseio</span> <span class='ocrx_word' id='word_1_196' title='bbox 1168 2502 1231 2569; x_wconf 90' lang='lat' dir='ltr'>qua</span> <span class='ocrx_word' id='word_1_197' title='bbox 1243 2483 1385 2553; x_wconf 80' lang='lat' dir='ltr'>dulcedine</span> <span class='ocrx_word' id='word_1_198' title='bbox 1405 2489 1487 2563; x_wconf 87' lang='lat' dir='ltr'>leta,</span> <span class='ocrx_word' id='word_1_199' title='bbox 1513 2487 1675 2553; x_wconf 86' lang='lat' dir='ltr'>clanculum</span> <span class='ocrx_word' id='word_1_200' title='bbox 1687 2485 1795 2555; x_wconf 84' lang='lat' dir='ltr'>ridere.</span> 
     </span>
     <span class='ocr_line' id='line_1_21' title="bbox 438 2579 1799 2676; baseline -0.001 -23"><span class='ocrx_word' id='word_1_201' title='bbox 438 2583 557 2675; x_wconf 83' lang='lat' dir='ltr'>Acreffi</span> <span class='ocrx_word' id='word_1_202' title='bbox 567 2584 698 2676; x_wconf 79' lang='lat' dir='ltr'>propius,</span> <span class='ocrx_word' id='word_1_203' title='bbox 725 2584 764 2659; x_wconf 69' lang='lat' dir='ltr'>Cr</span> <span class='ocrx_word' id='word_1_204' title='bbox 776 2584 917 2671; x_wconf 77' lang='lat' dir='ltr'>quidnam</span> <span class='ocrx_word' id='word_1_205' title='bbox 931 2599 998 2649; x_wconf 88' lang='lat' dir='ltr'>tam</span> <span class='ocrx_word' id='word_1_206' title='bbox 1007 2579 1143 2668; x_wconf 74' lang='lat' dir='ltr'>saeviet</span> <span class='ocrx_word' id='word_1_207' title='bbox 1157 2582 1276 2670; x_wconf 79' lang='lat' dir='ltr'>rideret,</span> <span class='ocrx_word' id='word_1_208' title='bbox 1293 2582 1482 2674; x_wconf 78' lang='lat' dir='ltr'>interrogavi.</span> <span class='ocrx_word' id='word_1_209' title='bbox 1531 2582 1678 2660; x_wconf 76' lang='lat' dir='ltr'>Videbam,</span> <span class='ocrx_word' id='word_1_210' title='bbox 1702 2582 1799 2671; x_wconf 72' lang='lat' dir='ltr'>iuquit</span> 
     </span>
     <span class='ocr_line' id='line_1_22' title="bbox 437 2680 1798 2774; baseline -0.003 -21"><span class='ocrx_word' id='word_1_211' title='bbox 437 2680 514 2760; x_wconf 79' lang='lat' dir='ltr'>ila,</span> <span class='ocrx_word' id='word_1_212' title='bbox 546 2685 628 2753; x_wconf 83' lang='lat' dir='ltr'>made</span> <span class='ocrx_word' id='word_1_213' title='bbox 649 2685 681 2752; x_wconf 88' lang='lat' dir='ltr'>itt</span> <span class='ocrx_word' id='word_1_214' title='bbox 703 2683 798 2772; x_wconf 81' lang='lat' dir='ltr'>quiere</span> <span class='ocrx_word' id='word_1_215' title='bbox 820 2686 914 2751; x_wconf 87' lang='lat' dir='ltr'>locum</span> <span class='ocrx_word' id='word_1_216' title='bbox 939 2682 1082 2770; x_wconf 85' lang='lat' dir='ltr'>quendam</span> <span class='ocrx_word' id='word_1_217' title='bbox 1098 2683 1296 2772; x_wconf 73' lang='lat' dir='ltr'>pulcherrima</span> <span class='ocrx_word' id='word_1_218' title='bbox 1312 2683 1524 2774; x_wconf 78' lang='lat' dir='ltr'>clarisfimaque</span> <span class='ocrx_word' id='word_1_219' title='bbox 1544 2686 1606 2752; x_wconf 83' lang='lat' dir='ltr'>luae</span> <span class='ocrx_word' id='word_1_220' title='bbox 1630 2680 1798 2773; x_wconf 70' lang='lat' dir='ltr'>refertum</span> 
     </span>
     <span class='ocr_line' id='line_1_23' title="bbox 435 2776 1798 2876; baseline -0.001 -25"><span class='ocrx_word' id='word_1_221' title='bbox 435 2802 584 2873; x_wconf 80' lang='lat' dir='ltr'>quumque</span> <span class='ocrx_word' id='word_1_222' title='bbox 595 2785 684 2873; x_wconf 87' lang='lat' dir='ltr'>plura</span> <span class='ocrx_word' id='word_1_223' title='bbox 694 2801 754 2874; x_wconf 74' lang='lat' dir='ltr'>pra</span> <span class='ocrx_word' id='word_1_224' title='bbox 767 2780 958 2852; x_wconf 76' lang='lat' dir='ltr'>indecidirate</span> <span class='ocrx_word' id='word_1_225' title='bbox 969 2781 1104 2872; x_wconf 85' lang='lat' dir='ltr'>proloqui</span> <span class='ocrx_word' id='word_1_226' title='bbox 1120 2802 1177 2848; x_wconf 89' lang='lat' dir='ltr'>nen</span> <span class='ocrx_word' id='word_1_227' title='bbox 1187 2778 1283 2872; x_wconf 64' lang='lat' dir='ltr'>pedet,</span> <span class='ocrx_word' id='word_1_228' title='bbox 1335 2790 1413 2876; x_wconf 75' lang='lat' dir='ltr'>Age,</span> <span class='ocrx_word' id='word_1_229' title='bbox 1438 2782 1559 2871; x_wconf 78' lang='lat' dir='ltr'>inquam</span> <span class='ocrx_word' id='word_1_230' title='bbox 1578 2804 1638 2875; x_wconf 84' lang='lat' dir='ltr'>ege,</span> <span class='ocrx_word' id='word_1_231' title='bbox 1654 2780 1726 2851; x_wconf 84' lang='lat' dir='ltr'>lem</span> <span class='ocrx_word' id='word_1_232' title='bbox 1742 2776 1798 2866; x_wconf 77' lang='lat' dir='ltr'>eila</span> 
     </span>
     <span class='ocr_line' id='line_1_24' title="bbox 436 2879 1792 2971; baseline -0.001 -21"><span class='ocrx_word' id='word_1_233' title='bbox 436 2882 548 2961; x_wconf 88' lang='lat' dir='ltr'>anime,</span> <span class='ocrx_word' id='word_1_234' title='bbox 575 2904 642 2951; x_wconf 90' lang='lat' dir='ltr'>mea</span> <span class='ocrx_word' id='word_1_235' title='bbox 655 2903 743 2969; x_wconf 84' lang='lat' dir='ltr'>uxor,</span> <span class='ocrx_word' id='word_1_236' title='bbox 768 2881 863 2952; x_wconf 83' lang='lat' dir='ltr'>inilia</span> <span class='ocrx_word' id='word_1_237' title='bbox 870 2881 1068 2971; x_wconf 82' lang='lat' dir='ltr'>pulcherrima</span> <span class='ocrx_word' id='word_1_238' title='bbox 1084 2883 1146 2950; x_wconf 86' lang='lat' dir='ltr'>luce</span> <span class='ocrx_word' id='word_1_239' title='bbox 1160 2896 1196 2948; x_wconf 87' lang='lat' dir='ltr'>tu</span> <span class='ocrx_word' id='word_1_240' title='bbox 1216 2879 1371 2950; x_wconf 77' lang='lat' dir='ltr'>habitabis.</span> <span class='ocrx_word' id='word_1_241' title='bbox 1420 2880 1577 2949; x_wconf 85' lang='lat' dir='ltr'>Subridem</span> <span class='ocrx_word' id='word_1_242' title='bbox 1591 2881 1715 2955; x_wconf 83' lang='lat' dir='ltr'>iterum,</span> <span class='ocrx_word' id='word_1_243' title='bbox 1736 2900 1792 2949; x_wconf 81' lang='lat' dir='ltr'>aa·</span> 
     </span>
     <span class='ocr_line' id='line_1_25' title="bbox 436 2976 1820 3073; baseline -0.001 -24"><span class='ocrx_word' id='word_1_244' title='bbox 436 2982 503 3050; x_wconf 86' lang='lat' dir='ltr'>nuit</span> <span class='ocrx_word' id='word_1_245' title='bbox 518 2982 620 3071; x_wconf 76' lang='lat' dir='ltr'>capite.</span> <span class='ocrx_word' id='word_1_246' title='bbox 671 2989 716 3053; x_wconf 83' lang='lat' dir='ltr'>Et</span> <span class='ocrx_word' id='word_1_247' title='bbox 729 2985 825 3073; x_wconf 82' lang='lat' dir='ltr'>paulic</span> <span class='ocrx_word' id='word_1_248' title='bbox 837 2978 908 3071; x_wconf 76' lang='lat' dir='ltr'>poli,</span> <span class='ocrx_word' id='word_1_249' title='bbox 935 2998 1010 3061; x_wconf 84' lang='lat' dir='ltr'>reta,</span> <span class='ocrx_word' id='word_1_250' title='bbox 1035 2979 1144 3064; x_wconf 71' lang='lat' dir='ltr'>iaqdr,</span> <span class='ocrx_word' id='word_1_251' title='bbox 1156 2976 1229 3061; x_wconf 79' lang='lat' dir='ltr'>fiam</span> <span class='ocrx_word' id='word_1_252' title='bbox 1242 2984 1317 3043; x_wconf 79' lang='lat' dir='ltr'>lere.</span> <span class='ocrx_word' id='word_1_253' title='bbox 1370 2984 1441 3047; x_wconf 88' lang='lat' dir='ltr'>Nec</span> <span class='ocrx_word' id='word_1_254' title='bbox 1453 2983 1543 3066; x_wconf 85' lang='lat' dir='ltr'>plura</span> <span class='ocrx_word' id='word_1_255' title='bbox 1558 2979 1685 3065; x_wconf 80' lang='lat' dir='ltr'>deinceps</span> <span class='ocrx_word' id='word_1_256' title='bbox 1699 2979 1798 3047; x_wconf 74' lang='lat' dir='ltr'>leem</span> <span class='ocrx_word' id='word_1_257' title='bbox 1816 2992 1820 2997; x_wconf 83' lang='lat'>&#39;</span> 
     </span>
     <span class='ocr_line' id='line_1_26' title="bbox 436 3071 1798 3170; baseline -0.002 -25"><span class='ocrx_word' id='word_1_258' title='bbox 436 3078 487 3166; x_wconf 79' lang='lat' dir='ltr'>esi,</span> <span class='ocrx_word' id='word_1_259' title='bbox 512 3079 565 3160; x_wconf 74' lang='lat' dir='ltr'>nid</span> <span class='ocrx_word' id='word_1_260' title='bbox 579 3100 670 3165; x_wconf 84' lang='lat' dir='ltr'>quum</span> <span class='ocrx_word' id='word_1_261' title='bbox 679 3080 751 3170; x_wconf 88' lang='lat' dir='ltr'>jam</span> <span class='ocrx_word' id='word_1_262' title='bbox 766 3082 911 3145; x_wconf 82' lang='lat' dir='ltr'>erularum</span> <span class='ocrx_word' id='word_1_263' title='bbox 924 3077 1000 3141; x_wconf 86' lang='lat' dir='ltr'>acies</span> <span class='ocrx_word' id='word_1_264' title='bbox 1015 3071 1194 3158; x_wconf 78' lang='lat' dir='ltr'>hebesceret:</span> <span class='ocrx_word' id='word_1_265' title='bbox 1226 3078 1282 3143; x_wconf 87' lang='lat' dir='ltr'>Ver</span> <span class='ocrx_word' id='word_1_266' title='bbox 1294 3072 1432 3159; x_wconf 84' lang='lat' dir='ltr'>quidem,</span> <span class='ocrx_word' id='word_1_267' title='bbox 1456 3074 1574 3160; x_wconf 85' lang='lat' dir='ltr'>inquit,</span> <span class='ocrx_word' id='word_1_268' title='bbox 1598 3073 1656 3139; x_wconf 80' lang='lat' dir='ltr'>vix</span> <span class='ocrx_word' id='word_1_269' title='bbox 1670 3076 1798 3164; x_wconf 79' lang='lat' dir='ltr'>empireae</span> 
     </span>
     <span class='ocr_line' id='line_1_27' title="bbox 434 3168 1893 3268; baseline -0.003 -23"><span class='ocrx_word' id='word_1_270' title='bbox 434 3172 563 3268; x_wconf 81' lang='lat' dir='ltr'>agnosco,</span> <span class='ocrx_word' id='word_1_271' title='bbox 589 3175 686 3245; x_wconf 86' lang='lat' dir='ltr'>emnia</span> <span class='ocrx_word' id='word_1_272' title='bbox 702 3191 802 3243; x_wconf 84' lang='lat' dir='ltr'>autern</span> <span class='ocrx_word' id='word_1_273' title='bbox 822 3193 921 3241; x_wconf 77' lang='lat' dir='ltr'>ruera</span> <span class='ocrx_word' id='word_1_274' title='bbox 935 3171 1007 3240; x_wconf 84' lang='lat' dir='ltr'>miii</span> <span class='ocrx_word' id='word_1_275' title='bbox 1028 3172 1166 3240; x_wconf 81' lang='lat' dir='ltr'>videmur</span> <span class='ocrx_word' id='word_1_276' title='bbox 1176 3173 1265 3262; x_wconf 82' lang='lat' dir='ltr'>plena</span> <span class='ocrx_word' id='word_1_277' title='bbox 1281 3168 1330 3258; x_wconf 74' lang='lat' dir='ltr'>effe</span> <span class='ocrx_word' id='word_1_278' title='bbox 1341 3171 1538 3262; x_wconf 83' lang='lat' dir='ltr'>pulcherrimis</span> <span class='ocrx_word' id='word_1_279' title='bbox 1549 3168 1685 3256; x_wconf 81' lang='lat' dir='ltr'>floribus.</span> <span class='ocrx_word' id='word_1_280' title='bbox 1729 3177 1793 3241; x_wconf 83' lang='lat' dir='ltr'>Ar·</span> <span class='ocrx_word' id='word_1_281' title='bbox 1891 3202 1893 3207; x_wconf 94' lang='lat'>·</span> 
     </span>
     <span class='ocr_line' id='line_1_28' title="bbox 435 3265 1798 3365; baseline -0.001 -21"><span class='ocrx_word' id='word_1_282' title='bbox 435 3296 493 3365; x_wconf 84' lang='lat' dir='ltr'>que</span> <span class='ocrx_word' id='word_1_283' title='bbox 506 3276 560 3344; x_wconf 85' lang='lat' dir='ltr'>bec</span> <span class='ocrx_word' id='word_1_284' title='bbox 579 3273 693 3365; x_wconf 86' lang='lat' dir='ltr'>quidem</span> <span class='ocrx_word' id='word_1_285' title='bbox 704 3270 847 3364; x_wconf 70' lang='lat' dir='ltr'>postrema</span> <span class='ocrx_word' id='word_1_286' title='bbox 856 3270 921 3363; x_wconf 83' lang='lat' dir='ltr'>faie</span> <span class='ocrx_word' id='word_1_287' title='bbox 938 3269 1013 3341; x_wconf 80' lang='lat' dir='ltr'>idias</span> <span class='ocrx_word' id='word_1_288' title='bbox 1028 3270 1132 3342; x_wconf 83' lang='lat' dir='ltr'>erario.</span> <span class='ocrx_word' id='word_1_289' title='bbox 1183 3275 1259 3345; x_wconf 88' lang='lat' dir='ltr'>Nan</span> <span class='ocrx_word' id='word_1_290' title='bbox 1280 3273 1373 3345; x_wconf 83' lang='lat' dir='ltr'>madre</span> <span class='ocrx_word' id='word_1_291' title='bbox 1388 3265 1460 3362; x_wconf 82' lang='lat' dir='ltr'>pest,</span> <span class='ocrx_word' id='word_1_292' title='bbox 1485 3267 1567 3365; x_wconf 81' lang='lat' dir='ltr'>quast</span> <span class='ocrx_word' id='word_1_293' title='bbox 1578 3271 1655 3343; x_wconf 88' lang='lat' dir='ltr'>dulci</span> <span class='ocrx_word' id='word_1_294' title='bbox 1670 3271 1798 3362; x_wconf 79' lang='lat' dir='ltr'>quadarn</span> 
     </span>
    </p>
   </div>
   <div class='ocr_carea' id='block_1_3' title="bbox 427 3368 973 3468">
    <p class='ocr_par' dir='ltr' id='par_1_3' title="bbox 427 3368 973 3468">
     <span class='ocr_line' id='line_1_29' title="bbox 427 3368 973 3468; baseline -0.015 -21"><span class='ocrx_word' id='word_1_295' title='bbox 427 3372 530 3465; x_wconf 71' lang='lat' dir='ltr'>fietne</span> <span class='ocrx_word' id='word_1_296' title='bbox 548 3372 682 3468; x_wconf 78' lang='lat' dir='ltr'>oppreffa,</span> <span class='ocrx_word' id='word_1_297' title='bbox 704 3368 818 3461; x_wconf 66' lang='lat' dir='ltr'>dilevit</span> <span class='ocrx_word' id='word_1_298' title='bbox 834 3374 973 3446; x_wconf 79' lang='lat' dir='ltr'>animate.</span> 
     </span>
    </p>
   </div>
   <div class='ocr_carea' id='block_1_4' title="bbox 371 3565 1798 4565">
    <p class='ocr_par' dir='ltr' id='par_1_4' title="bbox 394 3565 1798 4363">
     <span class='ocr_line' id='line_1_30' title="bbox 561 3565 1795 3667; baseline 0.004 -22"><span class='ocrx_word' id='word_1_299' title='bbox 561 3571 709 3645; x_wconf 86' lang='lat' dir='ltr'>LXXV.</span> <span class='ocrx_word' id='word_1_300' title='bbox 742 3572 823 3643; x_wconf 91' lang='lat' dir='ltr'>Non</span> <span class='ocrx_word' id='word_1_301' title='bbox 837 3565 982 3645; x_wconf 76' lang='lat' dir='ltr'>abfimile</span> <span class='ocrx_word' id='word_1_302' title='bbox 999 3571 1056 3651; x_wconf 80' lang='lat' dir='ltr'>eli,</span> <span class='ocrx_word' id='word_1_303' title='bbox 1080 3572 1168 3667; x_wconf 88' lang='lat' dir='ltr'>quod</span> <span class='ocrx_word' id='word_1_304' title='bbox 1182 3568 1292 3665; x_wconf 78' lang='lat' dir='ltr'>Cespar</span> <span class='ocrx_word' id='word_1_305' title='bbox 1310 3575 1496 3663; x_wconf 71' lang='lat' dir='ltr'>Olmianut,</span> <span class='ocrx_word' id='word_1_306' title='bbox 1521 3575 1576 3645; x_wconf 89' lang='lat' dir='ltr'>cui</span> <span class='ocrx_word' id='word_1_307' title='bbox 1601 3567 1795 3650; x_wconf 78' lang='lat' dir='ltr'>Cateelrefia</span> 
     </span>
     <span class='ocr_line' id='line_1_31' title="bbox 436 3667 1795 3771; baseline 0.002 -24"><span class='ocrx_word' id='word_1_308' title='bbox 436 3670 619 3747; x_wconf 84' lang='lat' dir='ltr'>Palatinam</span> <span class='ocrx_word' id='word_1_309' title='bbox 636 3667 834 3771; x_wconf 79' lang='lat' dir='ltr'>potissimum</span> <span class='ocrx_word' id='word_1_310' title='bbox 851 3669 1025 3752; x_wconf 88' lang='lat' dir='ltr'>debemus,</span> <span class='ocrx_word' id='word_1_311' title='bbox 1048 3676 1143 3743; x_wconf 90' lang='lat' dir='ltr'>morti</span> <span class='ocrx_word' id='word_1_312' title='bbox 1160 3674 1304 3749; x_wconf 84' lang='lat' dir='ltr'>vicinus,</span> <span class='ocrx_word' id='word_1_313' title='bbox 1341 3670 1465 3770; x_wconf 65' lang='lat' dir='ltr'>iohanni</span> <span class='ocrx_word' id='word_1_314' title='bbox 1484 3671 1625 3759; x_wconf 81' lang='lat' dir='ltr'>Piscatori</span> <span class='ocrx_word' id='word_1_315' title='bbox 1640 3681 1795 3750; x_wconf 82' lang='lat' dir='ltr'>narrauit.</span> 
     </span>
     <span class='ocr_line' id='line_1_32' title="bbox 437 3768 1796 3867; baseline 0.001 -22"><span class='ocrx_word' id='word_1_316' title='bbox 437 3775 536 3857; x_wconf 87' lang='lat' dir='ltr'>Heri,</span> <span class='ocrx_word' id='word_1_317' title='bbox 559 3774 686 3867; x_wconf 88' lang='lat' dir='ltr'>inquit,</span> <span class='ocrx_word' id='word_1_318' title='bbox 714 3771 777 3866; x_wconf 78' lang='lat' dir='ltr'>pest</span> <span class='ocrx_word' id='word_1_319' title='bbox 793 3768 925 3858; x_wconf 80' lang='lat' dir='ltr'>deceffcam</span> <span class='ocrx_word' id='word_1_320' title='bbox 940 3772 1261 3867; x_wconf 82' lang='lat' dir='ltr'>remitumjunierunt,</span> <span class='ocrx_word' id='word_1_321' title='bbox 1285 3772 1424 3864; x_wconf 82' lang='lat' dir='ltr'>ineffabili</span> <span class='ocrx_word' id='word_1_322' title='bbox 1442 3776 1550 3865; x_wconf 85' lang='lat' dir='ltr'>gaudie</span> <span class='ocrx_word' id='word_1_323' title='bbox 1573 3790 1698 3864; x_wconf 79' lang='lat' dir='ltr'>quatuor</span> <span class='ocrx_word' id='word_1_324' title='bbox 1718 3776 1796 3846; x_wconf 75' lang='lat' dir='ltr'>beris</span> 
     </span>
     <span class='ocr_line' id='line_1_33' title="bbox 436 3870 1793 3965; baseline 0.004 -24"><span class='ocrx_word' id='word_1_325' title='bbox 436 3873 564 3963; x_wconf 85' lang='lat' dir='ltr'>amplius</span> <span class='ocrx_word' id='word_1_326' title='bbox 581 3870 716 3965; x_wconf 80' lang='lat' dir='ltr'>perfufirs</span> <span class='ocrx_word' id='word_1_327' title='bbox 725 3874 790 3959; x_wconf 68' lang='lat' dir='ltr'>dam</span> <span class='ocrx_word' id='word_1_328' title='bbox 806 3899 818 3944; x_wconf 88' lang='lat'><em>:</em></span> <span class='ocrx_word' id='word_1_329' title='bbox 844 3874 913 3942; x_wconf 85' lang='lat' dir='ltr'>ader</span> <span class='ocrx_word' id='word_1_330' title='bbox 927 3892 963 3942; x_wconf 88' lang='lat' dir='ltr'>ur</span> <span class='ocrx_word' id='word_1_331' title='bbox 975 3876 1100 3942; x_wconf 84' lang='lat' dir='ltr'>micatus</span> <span class='ocrx_word' id='word_1_332' title='bbox 1111 3871 1230 3960; x_wconf 76' lang='lat' dir='ltr'>fuerim,</span> <span class='ocrx_word' id='word_1_333' title='bbox 1249 3895 1303 3941; x_wconf 91' lang='lat' dir='ltr'>cur</span> <span class='ocrx_word' id='word_1_334' title='bbox 1318 3875 1356 3949; x_wconf 62' lang='grc' dir='ltr'>(γ</span> <span class='ocrx_word' id='word_1_335' title='bbox 1368 3894 1443 3943; x_wconf 80' lang='lat' dir='ltr'>uxor</span> <span class='ocrx_word' id='word_1_336' title='bbox 1465 3874 1503 3948; x_wconf 65' lang='lat' dir='ltr'>(e</span> <span class='ocrx_word' id='word_1_337' title='bbox 1513 3894 1621 3963; x_wconf 81' lang='lat' dir='ltr'>parent</span> <span class='ocrx_word' id='word_1_338' title='bbox 1632 3896 1697 3943; x_wconf 90' lang='lat' dir='ltr'>mea</span> <span class='ocrx_word' id='word_1_339' title='bbox 1712 3876 1793 3946; x_wconf 82' lang='lat' dir='ltr'>idert-</span> 
     </span>
     <span class='ocr_line' id='line_1_34' title="bbox 437 3971 1796 4061; baseline 0.004 -21"><span class='ocrx_word' id='word_1_340' title='bbox 437 3971 527 4041; x_wconf 85' lang='lat' dir='ltr'>ridcm</span> <span class='ocrx_word' id='word_1_341' title='bbox 548 3996 585 4041; x_wconf 88' lang='lat' dir='ltr'>ex</span> <span class='ocrx_word' id='word_1_342' title='bbox 601 3994 646 4039; x_wconf 92' lang='lat' dir='ltr'>me</span> <span class='ocrx_word' id='word_1_343' title='bbox 663 3987 832 4060; x_wconf 83' lang='lat' dir='ltr'>quererent,</span> <span class='ocrx_word' id='word_1_344' title='bbox 854 3974 957 4061; x_wconf 82' lang='lat' dir='ltr'>ecquid</span> <span class='ocrx_word' id='word_1_345' title='bbox 970 3972 1129 4059; x_wconf 78' lang='lat' dir='ltr'>meliuscule</span> <span class='ocrx_word' id='word_1_346' title='bbox 1143 3972 1287 4041; x_wconf 79' lang='lat' dir='ltr'>haberem.</span> <span class='ocrx_word' id='word_1_347' title='bbox 1360 3978 1405 4043; x_wconf 83' lang='lat' dir='ltr'>Et</span> <span class='ocrx_word' id='word_1_348' title='bbox 1417 3995 1545 4049; x_wconf 86' lang='lat' dir='ltr'>revera,</span> <span class='ocrx_word' id='word_1_349' title='bbox 1574 3974 1676 4043; x_wconf 85' lang='lat' dir='ltr'>melius</span> <span class='ocrx_word' id='word_1_350' title='bbox 1692 3975 1796 4045; x_wconf 83' lang='lat' dir='ltr'>labere</span> 
     </span>
     <span class='ocr_line' id='line_1_35' title="bbox 437 4069 1798 4163; baseline 0.001 -20"><span class='ocrx_word' id='word_1_351' title='bbox 437 4092 588 4161; x_wconf 72' lang='lat' dir='ltr'>nunquam</span> <span class='ocrx_word' id='word_1_352' title='bbox 607 4070 768 4161; x_wconf 77' lang='lat' dir='ltr'>petetffim.</span> <span class='ocrx_word' id='word_1_353' title='bbox 826 4069 948 4140; x_wconf 84' lang='lat' dir='ltr'>Videbar</span> <span class='ocrx_word' id='word_1_354' title='bbox 967 4091 1066 4140; x_wconf 85' lang='lat' dir='ltr'>autern</span> <span class='ocrx_word' id='word_1_355' title='bbox 1081 4073 1153 4139; x_wconf 81' lang='lat' dir='ltr'>nili</span> <span class='ocrx_word' id='word_1_356' title='bbox 1171 4069 1284 4160; x_wconf 69' lang='lat' dir='ltr'>veiam</span> <span class='ocrx_word' id='word_1_357' title='bbox 1299 4072 1333 4141; x_wconf 87' lang='lat' dir='ltr'>in</span> <span class='ocrx_word' id='word_1_358' title='bbox 1347 4091 1433 4163; x_wconf 78' lang='lat' dir='ltr'>prate</span> <span class='ocrx_word' id='word_1_359' title='bbox 1447 4070 1667 4163; x_wconf 71' lang='lat' dir='ltr'>elegantifime.</span> <span class='ocrx_word' id='word_1_360' title='bbox 1686 4075 1718 4143; x_wconf 89' lang='lat' dir='ltr'>in</span> <span class='ocrx_word' id='word_1_361' title='bbox 1740 4097 1798 4163; x_wconf 89' lang='lat' dir='ltr'>que</span> 
     </span>
     <span class='ocr_line' id='line_1_36' title="bbox 394 4168 1794 4263; baseline 0.001 -24"><span class='ocrx_word' id='word_1_362' title='bbox 394 4211 399 4221; x_wconf 96' lang='lat'><em>·</em></span> <span class='ocrx_word' id='word_1_363' title='bbox 438 4190 531 4259; x_wconf 84' lang='lat' dir='ltr'>quum</span> <span class='ocrx_word' id='word_1_364' title='bbox 549 4168 783 4253; x_wconf 71' lang='lat' dir='ltr'>eremium,</span> <span class='ocrx_word' id='word_1_365' title='bbox 813 4192 877 4239; x_wconf 89' lang='lat' dir='ltr'>rere</span> <span class='ocrx_word' id='word_1_366' title='bbox 889 4169 1084 4260; x_wconf 77' lang='lat' dir='ltr'>perfundebar</span> <span class='ocrx_word' id='word_1_367' title='bbox 1101 4168 1225 4260; x_wconf 73' lang='lat' dir='ltr'>causti,</span> <span class='ocrx_word' id='word_1_368' title='bbox 1249 4192 1305 4239; x_wconf 87' lang='lat' dir='ltr'>mn</span> <span class='ocrx_word' id='word_1_369' title='bbox 1317 4172 1482 4263; x_wconf 77' lang='lat' dir='ltr'>guttatim,</span> <span class='ocrx_word' id='word_1_370' title='bbox 1505 4172 1560 4259; x_wconf 83' lang='lat' dir='ltr'>sed</span> <span class='ocrx_word' id='word_1_371' title='bbox 1577 4194 1684 4262; x_wconf 83' lang='lat' dir='ltr'>magna</span> <span class='ocrx_word' id='word_1_372' title='bbox 1702 4174 1794 4263; x_wconf 83' lang='lat' dir='ltr'>eopia,</span> 
     </span>
     <span class='ocr_line' id='line_1_37' title="bbox 439 4269 1796 4363; baseline -0.002 -19"><span class='ocrx_word' id='word_1_373' title='bbox 439 4271 481 4344; x_wconf 73' lang='lat' dir='ltr'>d</span> <span class='ocrx_word' id='word_1_374' title='bbox 494 4272 606 4360; x_wconf 85' lang='lat' dir='ltr'>patiatis</span> <span class='ocrx_word' id='word_1_375' title='bbox 624 4269 705 4360; x_wconf 75' lang='lat' dir='ltr'>qued</span> <span class='ocrx_word' id='word_1_376' title='bbox 714 4270 829 4362; x_wconf 81' lang='lat' dir='ltr'>plenis:</span> <span class='ocrx_word' id='word_1_377' title='bbox 858 4273 932 4340; x_wconf 88' lang='lat' dir='ltr'>unde</span> <span class='ocrx_word' id='word_1_378' title='bbox 944 4271 1074 4340; x_wconf 85' lang='lat' dir='ltr'>letitiam</span> <span class='ocrx_word' id='word_1_379' title='bbox 1090 4287 1155 4339; x_wconf 86' lang='lat' dir='ltr'>tune</span> <span class='ocrx_word' id='word_1_380' title='bbox 1169 4290 1285 4363; x_wconf 83' lang='lat' dir='ltr'>corpore</span> <span class='ocrx_word' id='word_1_381' title='bbox 1304 4288 1369 4338; x_wconf 85' lang='lat' dir='ltr'>rum</span> <span class='ocrx_word' id='word_1_382' title='bbox 1406 4273 1501 4342; x_wconf 85' lang='lat' dir='ltr'>anime</span> <span class='ocrx_word' id='word_1_383' title='bbox 1515 4271 1572 4361; x_wconf 84' lang='lat' dir='ltr'>cepi</span> <span class='ocrx_word' id='word_1_384' title='bbox 1594 4274 1674 4359; x_wconf 86' lang='lat' dir='ltr'>longe</span> <span class='ocrx_word' id='word_1_385' title='bbox 1697 4271 1796 4341; x_wconf 81' lang='lat' dir='ltr'>maxi·</span> 
     </span>
    </p>

    <p class='ocr_par' dir='ltr' id='par_1_5' title="bbox 371 4364 1797 4565">
     <span class='ocr_line' id='line_1_38' title="bbox 436 4364 1797 4559; baseline -0.001 -119"><span class='ocrx_word' id='word_1_386' title='bbox 436 4387 530 4443; x_wconf 74' lang='lat' dir='ltr'>mm.</span> <span class='ocrx_word' id='word_1_387' title='bbox 581 4369 634 4443; x_wconf 81' lang='lat' dir='ltr'>nt</span> <span class='ocrx_word' id='word_1_388' title='bbox 657 4366 727 4446; x_wconf 72' lang='lat' dir='ltr'>bae</span> <span class='ocrx_word' id='word_1_389' title='bbox 742 4392 844 4468; x_wconf 84' lang='lat' dir='ltr'>quum</span> <span class='ocrx_word' id='word_1_390' title='bbox 859 4364 1001 4446; x_wconf 85' lang='lat' dir='ltr'>Piscator</span> <span class='ocrx_word' id='word_1_391' title='bbox 1018 4394 1029 4445; x_wconf 82' lang='lat' dir='ltr'>t</span> <span class='ocrx_word' id='word_1_392' title='bbox 1070 4365 1176 4461; x_wconf 70' lang='lat' dir='ltr'>Pastor</span> <span class='ocrx_word' id='word_1_393' title='bbox 1191 4370 1237 4441; x_wconf 90' lang='lat' dir='ltr'>ille</span> <span class='ocrx_word' id='word_1_394' title='bbox 1259 4369 1347 4441; x_wconf 83' lang='lat' dir='ltr'>benur</span> <span class='ocrx_word' id='word_1_395' title='bbox 1362 4368 1491 4466; x_wconf 67' lang='lat' dir='ltr'>cleiius</span> <span class='ocrx_word' id='word_1_396' title='bbox 1504 4366 1587 4467; x_wconf 67' lang='lat' dir='ltr'>iesus</span> <span class='ocrx_word' id='word_1_397' title='bbox 1607 4370 1694 4450; x_wconf 74' lang='lat' dir='ltr'>duait</span> <span class='ocrx_word' id='word_1_398' title='bbox 1713 4388 1752 4559; x_wconf 54' lang='lat' dir='ltr'>t}</span> <span class='ocrx_word' id='word_1_399' title='bbox 1762 4371 1797 4458; x_wconf 77' lang='lat' dir='ltr'>iu</span> 
     </span>
     <span class='ocr_line' id='line_1_39' title="bbox 371 4489 1796 4565; baseline 0.004 -31"><span class='ocrx_word' id='word_1_400' title='bbox 371 4515 373 4520; x_wconf 87' lang='lat'>-</span> <span class='ocrx_word' id='word_1_401' title='bbox 1149 4490 1173 4545; x_wconf 89' lang='lat' dir='ltr'>u</span> <span class='ocrx_word' id='word_1_402' title='bbox 1686 4489 1728 4565; x_wconf 69' lang='lat' dir='ltr'>pa</span> <span class='ocrx_word' id='word_1_403' title='bbox 1740 4493 1796 4540; x_wconf 78' lang='lat' dir='ltr'>cua</span> 
     </span>
    </p>
   </div>
   <div class='ocr_carea' id='block_1_5' title="bbox 0 0 2338 5442">
    <p class='ocr_par' dir='ltr' id='par_1_6' title="bbox 0 0 2338 5442">
     <span class='ocr_line' id='line_1_40' title="bbox 0 0 2338 5442; baseline 0 1"><span class='ocrx_word' id='word_1_404' title='bbox 0 0 2338 5442; x_wconf 95' lang='lat' dir='ltr'> </span> 
     </span>
    </p>
   </div>
  </div>
 </body>
</html>
