4667 5442
582 512 677 633 358
814 493 1723 600 ExrncrrrrroXlV.

575 688 649 741 rem
669 690 750 776 quae
770 664 904 763 aliquid
925 688 970 739 ex
988 690 1072 738 vero
1102 659 1242 744 trahat,
1281 656 1341 774 l'ed
1366 662 1421 734 cui
1449 656 1627 773 fabulosa,
1654 681 1694 732 ut
1715 654 1790 731 fieri
1809 648 1923 738 soler,

576 762 643 835 alia
657 764 785 854 adreda
802 758 864 835 fint
884 809 895 845 ,
923 762 1161 860 prudentiores
1184 779 1377 856 anquirant.
1430 756 1521 830 Mrhr
1537 756 1690 854 profecto
1709 752 1927 852 postremum

575 857 665 932 illud
685 884 755 955 prae
773 861 902 932 caeteris
923 856 1061 932 arridet.
1111 858 1296 928 Enimvero
1324 851 1477 927 fabulosa
1501 850 1608 935 sunt,
1662 875 1717 923 uae
1740 850 1787 922 de
1811 848 1926 923 Athe-

544 1015 565 1042 „
576 952 698 1028 nienfis
716 955 863 1028 civitatis
882 955 1018 1036 forma,
1047 954 1161 1052 qualis
1183 952 1301 1024 multis
1312 974 1403 1024 retro
1422 974 1590 1023 annorum
1601 878 1759 1021 millibus
1774 946 1921 1028 exstitit,

576 1049 743 1124 Solonem
760 1050 862 1123 docet
881 1051 1077 1148 AEgyptius.
1128 1043 1339 1121 fabulosum
1356 1045 1422 1127 est,
1450 1046 1547 1144 quod
1561 1067 1698 1142 tempus
1716 1039 1822 1133 hujus
1844 1041 1921 1115 faoi

577 1146 668 1219 ultra
689 1150 767 1217 ouo
788 1147 845 1218 vel
865 1172 991 1218 novem
1010 1146 1162 1218 millium
1182 1169 1348 1216 annorum
1373 1139 1493 1214 seriem
1513 1144 1686 1214 extendat.
1738 1138 1925 1229 Quemad-

579 1242 727 1314 modum
749 1241 808 1314 illa
827 1267 971 1340 quoque
993 1244 1173 1341 nugatoria
1192 1236 1255 1311 elle
1281 1237 1351 1337 ipse
1372 1239 1478 1313 credit
1495 1242 1668 1318 Hornirrr,
1692 1235 1750 1308 lib.
1773 1258 1833 1309 11.
1850 1239 1920 1330 cap.

577 1362 637 1413 vr.
652 1346 732 1435 quae
749 1337 793 1409 de
811 1334 1066 1411 Atheniensium
1081 1362 1197 1412 contra
1214 1337 1405 1409 Atlanticos
1427 1334 1544 1416 bello,
1572 1333 1615 1405 de
1636 1354 1734 1406 terrae
1755 1354 1871 1413 motu,
1885 1334 1922 1404 δι

578 1434 714 1507 diluvio
732 1459 806 1531 quo
823 1434 972 1507 Atlantis
990 1431 1167 1531 absorpta,
1196 1435 1232 1504 &
1251 1433 1294 1503 de
1309 1435 1383 1522 ejus
1396 1434 1554 1527 proxime
1572 1430 1616 1501 ad
1636 1428 1763 1502 fretum
1785 1433 1923 1501 Hercu·

578 1529 675 1603 leum
689 1526 752 1602 srtu
764 1577 775 1612 ,
803 1531 993 1603 traduntur.
1045 1532 1174 1603 Omnia
1197 1553 1310 1602 autem
1331 1527 1391 1601 ista
1412 1523 1603 1598 srfabulosa
1623 1521 1710 1608 lint,
1738 1524 1830 1622 quid
1849 1545 1923 1595 tan·

578 1627 661 1697 dem
678 1628 761 1700 certi
783 1648 897 1699 manet
915 1645 926 1709 ,·
953 1627 1013 1698 ubi
1032 1626 1157 1723 pedem
1177 1650 1283 1723 queas
1301 1622 1432 1723 figere?
1460 1628 1506 1694 At
1521 1647 1602 1695 vera
1620 1618 1712 1704 fint,
1749 1643 1922 1717 quantum

579 1721 687 1802 libet,
715 1723 818 1794 nimis
835 1718 911 1794 lane
928 1723 1099 1820 generalia
1116 1718 1178 1794 elle
1190 1721 1378 1800 videntur,
1405 1745 1510 1818 quam
1530 1741 1569 1790 ut
1598 1741 1690 1791 certo
1712 1739 1921 1815 argumento

580 1820 773 1891 Americam
784 1817 982 1891 monstrent.
1031 1815 1193 1892 Potuillet
1214 1814 1321 1889 insula
1339 1818 1425 1888 olim
1447 1815 1563 1912 aliqua
1585 1815 1779 1911 vaegrandis
1800 1815 1838 1885 in
1858 1818 1921 1884 At·

578 1913 707 1987 lantico
728 1917 811 1986 mari
824 1910 941 1996 fuille,
970 1915 1065 2004 cujus
1078 1939 1175 2013 reges
1193 1912 1305 1986 Altam
1328 1917 1554 2008 &Europam
1576 1913 1766 2000 conjunstis
1790 1909 1922 1982 viribus

579 2034 743 2108 occupare
759 2010 984 2091 instituerint,
1038 2011 1140 2083 uibus
1160 2008 1193 2082 se
1213 2006 1434 2083 Athenienses
1448 2009 1623 2082 communi
1640 2012 1848 2081 Graecorum
1859 2029 1922 2076 no·

579 2108 675 2181 mine
697 2104 944 2204 opposuerint,
971 2036 1134 2205 iplosque
1154 2107 1369 2180 devicerint:
1397 2130 1546 2202 quaeque
1566 2100 1676 2177 insula
1697 2101 1813 2176 subita
1837 2125 1924 2199 qua·

564 2202 660 2275 'dam
680 2203 860 2276 diluvione
883 2207 920 2275 ὃς
940 2227 1037 2277 terrae
1060 2228 1158 2276 motu
1180 2201 1336 2300 absorpta
1364 2204 1489 2274 fuerit:
1520 2225 1559 2273 ut
1590 2223 1798 2273 tamennon
1823 2198 1923 2271 fuerit

579 2303 750 2373 America.
801 2307 895 2373 Nam
918 2326 997 2398 quae
1016 2302 1059 2372 de
1080 2300 1272 2372 incredibili
1291 2296 1392 2396 ipsius
1419 2297 1686 2397 magnitudine,
1715 2320 1788 2393 qua
1809 2294 1880 2367 Lib
1904 2318 1923 2365 a

580 2419 685 2494 arque
705 2393 780 2469 Asta
799 2397 947 2493 amplior
965 2399 1067 2470 fuerit
1090 2444 1101 2479 ,
1127 2396 1262 2468 addidit
1281 2397 1452 2475 Sa‘r'ticus,
1480 2421 1519 2466 ea
1540 2395 1753 2494 AEgyptiacae
1776 2320 1922 2472 forcalle,

578 2491 712 2574 idest,
739 2489 892 2567 sublestae
920 2496 1110 2566 admodum
1139 2489 1219 2562 fidei
1245 2487 1332 2563 sunt.
1386 2497 1432 2564 At
1451 2492 1552 2563 fuerit
1572 2490 1719 2565 Atlantis
1743 2489 1923 2562 Americar

578 2590 629 2662 nil
643 2588 739 2662 aliud
752 2615 796 2663 ex
811 2611 887 2662 toto
904 2590 967 2662 illo
986 2590 1140 2665 Platonis
1158 2585 1314 2661 sermone
1333 2589 1447 2660 inferri
1467 2585 1598 2685 pollet,
1626 2612 1733 2683 quam
1745 2584 1924 2659 vetustior·

580 2686 646 2756 mis
663 2686 881 2781 temporibus
900 2689 1120 2760 Americanos
1144 2679 1233 2758 Asrae
1250 2688 1287 2758 ὃ(
1312 2685 1437 2757 Africae
1457 2680 1551 2758 fuiffe
1574 2684 1757 2781 propiores
1772 2707 1791 2768 ,3
1828 2678 1924 2781 quod

452 2785 461 2795 “
580 2803 642 2851 nec
665 2802 730 2876 ego
750 2782 897 2852 abnuere
919 2781 1051 2862 velim,
1079 2804 1118 2852 ut
1138 2806 1180 2851 eo
1201 2782 1334 2853 facilius
1355 2782 1592 2879 intelligatur,
1621 2778 1923 2876 quemadmodum

579 2877 616 2947 &
636 2872 848 2947 homines&
869 2876 946 2948 ferae
964 2876 1040 2972 post
1058 2875 1274 2949 Noachicum
1296 2877 1468 2951 diluvium
1490 2903 1533 2949 eo
1545 2877 1758 2950 devenerint.
1811 2873 1924 2951 Sed&

578 2967 678 3043 fimul
697 2970 913 3044 inferendum
928 2973 997 3053 est,
1025 2974 1073 3044 rei
1084 2995 1153 3043 tam
1166 2979 1317 3069 antiquae
1328 2977 1529 3046 memoriam
1545 2975 1697 3046 Platonis
1710 2994 1815 3045 aetate
1829 2968 1925 3061 suilla

578 3068 823 3149 obliteratam,
851 3092 954 3140 omne
981 3094 1024 3140 ue
1044 3092 1121 3140 cum
1137 3069 1299 3166 gentibus
1316 3070 1405 3141 ultra
1424 3072 1637 3143 Atlanticum
1650 3093 1926 3143 marecommtr·

580 3165 672 3237 tium
693 3163 830 3261 prorsus
851 3188 932 3238 tunc
956 3095 1098 3238 desiisse.
1149 3166 1257 3254 Quod
1285 3169 1321 3237 ὃ(
1348 3166 1407 3240 illa
1426 3167 1529 3239 verba
1556 3189 1703 3265 arguunt
1724 3193 1734 3239 r
1762 3165 1841 3234 Tdn
1865 3157 1925 3261 pig

578 3261 756 3355 nogiomo
779 3252 813 3330 ἦν
831 3257 867 3327 el
889 3265 946 3328 ἰκόἱ
964 3264 1117 3344 πίλαγθ.
1162 3269 1343 3337 Punvruu
1371 3284 1475 3336 enin
1505 3290 1613 3336 runc
1636 3289 1742 3337 eurr
1765 3268 1926 3340 Arran-

583 3382 712 3429 arcon
741 3382 865 3431 nana.
917 3362 1010 3520 Ergo
1034 3358 1186 3432 Platonis
1206 3383 1330 3443 aetate,
1357 3386 1440 3433 non.
1492 3363 1556 3436 Uti
1579 3357 1739 3433 disertius
1763 3361 1924 3461 deinceps

580 3456 730 3527 Critias:
756 3451 799 3519 ol
819 3450 870 3538 (qi
884 3458 934 3522 νῦν
1001 3479 1064 3546 opor
1078 3447 1129 3538 <qi
1145 3453 1332 3551 ddlrplorrror
1351 3460 1450 3540 γέγονε
1462 3454 1547 3523 rinei
1565 3459 1722 3539 πίλαγθ.

394 3557 518 3623 mv·
539 3633 548 3651 ·
675 3554 836 3622 XXXV.
864 3547 1062 3623 Phoerricum
1083 3550 1318 3648 navigationes
1338 3578 1471 3632 nemo,
1499 3554 1597 3649 quod
1613 3548 1744 3637 sciam,
1773 3554 1923 3655 diligen·

401 3632 559 3727 orbans·
577 3646 648 3717 tius
671 3647 826 3719 Bocbarto
846 3641 1046 3743 prosecutus
1064 3644 1121 3718 est.
1175 3652 1288 3719 Tanta
1308 3670 1424 3720 autem
1446 3647 1541 3720 istius
1567 3652 1632 3721 viri
1654 3696 1665 3731 ,
1693 3674 1842 3752 propter
1861 3650 1925 3726 dil·

393 3728 550 3865 mom
579 3738 684 3814 fusam
710 3740 940 3814 eruditionem
960 3745 1091 3815 &acre
1112 3739 1215 3815 inhis
1235 3745 1337 3816 rebus
1358 3745 1525 3833 judicium
1546 3792 1557 3827 ,
1585 3744 1678 3843 apud
1697 3771 1757 3820 me
1776 3750 1923 3824 auetori-

399 3884 431 3922 rx
443 3860 557 3920 nm
577 3835 714 3919 tatoli,
741 3837 877 3936 utplus
899 3840 930 3910 ei
951 3840 1129 3918 tribuam,
1158 3864 1265 3935 quam
1285 3862 1423 3913 centum
1446 3844 1621 3915 minorum
1644 3848 1806 3940 gentium
1824 3842 1924 3944 scrip-

400 3939 550 4016 ,asro
577 3934 723 4007 toribus.
775 3941 808 4007 ls
826 3959 909 4005 vero
932 3955 1035 4033 negat
1059 3932 1238 4018 constare,
1274 3937 1372 4034 quod
1402 3936 1578 4012 Phoenices
1600 3940 1722 4013 orbem
1757 3963 1922 4018 terrarum

314 4090 320 4106 r
400 4014 507 4093 '‘5'0·
575 4031 948 4129 circumnavigaverinr.
999 4037 1126 4126 Neque
1148 4035 1304 4107 concedit
1321 4036 1455 4115 Plinio,
1479 4041 1694 4120 Hannonem,
1721 4040 1812 4135 qui,
1839 4044 1922 4114 Car·

574 4122 790 4222 rhaginiensrs
810 4132 953 4200 Senarus
965 4128 1103 4200 decreto
1122 4123 1225 4217 lullus
1242 4132 1399 4229 navigare
1424 4155 1519 4204 extra
1539 4134 1732 4207 Columnas
1745 4137 1920 4219 Renoua.

574 4245 595 4296 a
614 4222 772 4295 Gadibus
794 4226 827 4294 in
847 4223 1006 4298 Austrum
1026 4224 1220 4323 longillrme
1234 4232 1414 4325 provectus
1433 4228 1507 4310 est,
1535 4228 1578 4301 ad
1590 4230 1724 4304 Arabia
1736 4227 1846 4307 finem
1860 4227 1922 4308 effe

575 4320 837 4393 circumvectum
859 4348 868 4392 r
896 4347 1005 4418 quum
1023 4325 1230 4396 contrarium
1251 4346 1365 4422 aperte
1386 4324 1511 4398 clamet
1526 4324 1664 4400 historia
1677 4330 1920 4430 navigationis

574 4440 681 4517 ΨΜ
695 4411 766 4518 lpse
781 4410 906 4516 scripto
917 4420 1087 4556 ypodidlt·
1135 4425 1214 4499 Nec
1224 4421 1339 4504 multo
1353 4423 1467 4499 verius
1476 4422 1604 4511 credit,
1630 4424 1733 4525 quod
1750 4450 1798 4504 ex
1811 4432 1922 4603 1133.

1902 4543 1922 4599 e
