4667 5442
560 519 658 607 120
829 461 1670 600 Exincrrn'rroV.

557 668 661 747 dere,
688 664 752 763 qui
771 664 805 735 in
825 664 952 737 Arabia
970 659 1038 743 est,
1067 685 1163 734 extra
1183 659 1312 733 limites
1339 683 1436 736 terrae
1452 625 1582 737 sanciae.
1634 655 1750 751 Quod
1772 675 1914 736 tantun

558 762 671 844 abest,
699 782 739 832 ut
757 755 818 831 suo
836 754 875 831 sit
888 757 1101 831 movendum
1113 758 1193 829 loco
1213 802 1224 838 ,
1254 779 1292 830 ut
1315 782 1432 831 contra
1450 754 1615 855 insignem
1627 755 1690 831 isla
1710 751 1915 830 observatio

560 858 675 932 lucem
691 854 898 952 Apostolicae
915 854 1203 953 argumentationi
1224 846 1398 954 affulgeat.
1451 859 1626 929 Caeterum
1644 852 1690 925 de
1709 850 1773 926 his
1796 851 1913 926 omru'·

560 956 626 1027 bus
646 952 770 1024 eruditi
790 950 1004 1025 arbitrentur.

422 1073 502 1135 xvl.
660 1053 759 1121 XVI.
786 1047 932 1120 Facilius
954 1044 1127 1143 explicatu
1156 1042 1229 1126 est,
1256 1068 1329 1140 qua
1353 1047 1484 1119 ratione
1517 1068 1621 1120 mons
1652 1043 1740 1118 sina
1775 1043 1912 1120 dicauit

381 1146 720 1314 &pappant-orygis
735 1167 955 1290 ⁰⁸2⁵&ss
982 1142 1298 1309 REZOND5·RE·:⁴3
1317 1143 1364 1209 νῦν
1397 1137 1606 1309 {Resainand
1631 1146 1719 1308 an
1743 1139 1911 1310 prescii:

275 1313 284 1323 ’
382 1302 488 1375 „aa
561 1257 1910 1439 llssgallfiillisis,gilii13⁸⁶,lra2,}¹¹¹⁰lai¹¹‚gillini.

559 1435 756 1513 annotavit,
784 1427 916 1513 σῦςοιχα
935 1430 1060 1509 λέγεται
1080 1424 1244 1501 minore,
1267 1421 1309 1492 eil
1328 1426 1438 1513 iiiior
1455 1427 1564 1515 ἔχοντα
1586 1426 1665 1523 opit
1682 1453 1773 1498 vira.
1805 1431 1909 1504 Erro·

558 1558 631 1607 rem
655 1552 764 1602 errant
778 1528 941 1601 Tartessia
957 1550 1108 1600 muraena
1119 1526 1340 1625 grandiorem
1362 1571 1373 1607 ,
1399 1530 1487 1623 qui,
1519 1527 1554 1599 in
1577 1545 1671 1596 tanta
1692 1525 1907 1598 eruditionis

556 1626 748 1702 Orientalis
768 1624 868 1704 luce,
897 1624 1059 1703 credunt,
1088 1644 1245 1694 montem
1267 1623 1369 1703 Sina,
1397 1623 1564 1694 continuo
1583 1622 1762 1694 montium
1780 1624 1905 1704 masin,

422 1787 424 1792 .
560 1750 604 1797 ex
628 1720 750 1793 Arabia
763 1717 807 1790 ad
823 1715 930 1816 ipsam
949 1713 1228 1814 Hierosolymam
1249 1719 1432 1816 pertinere.
1481 1716 1591 1804 Quod
1605 1715 1822 1810 Chrysristomo
1842 1717 1908 1792 sor·

557 1819 650 1893 taliis
676 1819 713 1888 δι
737 1837 895 1889 veterum
916 1814 991 1887 aliis
1010 1812 1279 1886 condonandum
1299 1812 1375 1886 suit.
1427 1810 1630 1888 Genebrardo
1652 1837 1810 1896 autern,
1837 1837 1905 1888 trini

559 1907 762 2009 exquisitam
775 1910 1021 1984 Hebraicarum
1035 1933 1148 1981 rerum
1158 1910 1316 2006 peritiam
1326 1934 1397 2007 prae
1412 1905 1445 1981 se
1461 1910 1591 1991 serenti,
1624 1909 1823 1984 condonari
1837 1933 1904 1982 non

559 2009 678 2080 debet.
730 2009 848 2079 Cuiin
869 2002 1042 2081 Psalmum
1063 2028 1248 2081 cxxxrrr.
1276 2007 1323 2076 ita
1337 2007 1563 2080 commentari
1576 2003 1817 2094 lubitumeste
1843 2007 1907 2099 Je-

560 2110 623 2181 aaa
648 2100 784 2193 montisi
811 2123 883 2176 erat
905 2120 984 2176 tota
1048 2105 1134 2196 ,Qua
1160 2104 1283 2177 ratione
1312 2106 1404 2175 Sinai
1431 2101 1610 2192 coniuiisbir
1640 2097 1695 2194 effla
1720 2104 1905 2178 sicienter·

560 2226 626 2301 qua
647 2225 728 2273 nunc
754 2197 797 2284 est
815 2197 1002 2291 Jerusalem
1021 2226 1031 2270 :
1053 2216 1205 2295 perpetuo
1224 2202 1309 2271 enim
1333 2197 1420 2285 dorso
1434 2198 1500 2288 sese
1519 2198 1631 2287 versu
1658 2200 1764 2274 Sirmi
1782 2221 1904 2275 montes

561 2300 746 2394 exporrigit.
796 2301 842 2367 At
861 2297 970 2392 prima
985 2293 1179 2367 tabularum
1192 2291 1509 2391 Geographicarum
1528 2290 1688 2393 inspeelio
1714 2295 1908 2390 relliaendae

562 2395 722 2492 opinioni
737 2389 788 2464 isti
801 2388 935 2464 sirficit.
986 2393 1132 2488 Optime
1149 2390 1315 2480 Erasm:
1343 2391 1466 2465 Paulus
1481 2417 1540 2467 noir
1555 2394 1685 2465 metitur
1699 2394 1851 2492 spirim
1866 2397 1910 2466 iii·

482 2531 485 2538 ·
536 2513 542 2536 ‘¹
561 2491 717 2571 terualli,
738 2488 791 2578 sed
802 2486 924 2579 confert
933 2485 1167 2579 fimilirudiiiem
1179 2488 1341 2583 allegoria.
1391 2492 1485 2563 Nam
1500 2512 1565 2587 que
1578 2490 1663 2562 inter
1672 2487 1709 2576 se
1727 2486 1910 2582 santerre

562 2614 601 2661 tie
622 2590 757 2683 quadam
776 2585 982 2682 responderit,
1016 2586 1123 2656 vicina
1141 2586 1188 2658 ὁ*
1210 2577 1342 2672 caristia
1355 2586 1500 2657 dicimticr
1517 2617 1531 2668 ;
1555 2589 1639 2681 quod
1655 2585 1786 2659 Paulus
1802 2593 1910 2662 Gracc

564 2687 648 2756 dixit
666 2683 826 2766 συςοιχιῒο.
850 2703 880 2777 q.
892 2684 922 2752 d.
936 2683 971 2751 iri
987 2683 1096 2754 eadem
1107 2676 1166 2772 effe
1177 2678 1274 2771 serie.
1321 2683 1414 2754 Satis
1429 2680 1594 2779 ergoest,
1621 2679 1724 2778 quod
1741 2684 1854 2766 Sina,
1875 2685 1908 2757 bt

564 2777 746 2860 terrestris,
801 2801 854 2848 uae
870 2775 958 2847 olim
979 2796 1074 2857 erat,
1103 2773 1322 2876 Jerusalem,
1351 2772 1503 2865 eiusdem
1521 2771 1705 2874 spiritualis
1724 2780 1778 2851 rei
1806 2774 1908 2880 signi·

565 2869 723 2985 litatione
741 2803 987 2972 respondeant:
1014 2894 1158 2971 utraque
1175 2874 1269 2947 enim
1278 2871 1390 2973 legale
1397 2872 1756 2949 Teslanientumciun
1767 2869 1910 2954 firaser·

560 2991 672 3042 virute
691 2991 822 3043 notant.

382 3103 387 3116 ·
507 3107 519 3131 ·
664 3071 781 3141 XVll.
808 3073 934 3148 Porro,
961 3088 1122 3164 quaenam
1137 3062 1185 3138 eli
1195 3063 1256 3139 illa
1272 3065 1350 3134 iiiiii
1367 3061 1549 3163 simonica
1573 3070 1671 3153 Quia
1699 3092 1820 3144 nunc
1840 3093 1908 3146 rar

525 3188 533 3207 ·
564 3162 826 3265 Jeruaiianiri
852 3166 889 3236 &
908 3162 1136 3260 quamobrem
1149 3158 1192 3235 sic
1208 3162 1362 3243 dicitur?
1386 3173 1471 3239 Non
1484 3188 1571 3264 puto
1583 3164 1826 3242 dubitandum
1834 3157 1907 3251 else,

562 3263 649 3360 quin
668 3260 880 3360 intelligatur
907 3254 1186 3359 Hierosolyma,
1220 3261 1333 3358 qualis
1357 3285 1428 3337 erat
1455 3285 1611 3430 ternppre
1632 3260 1762 3345 Pauli,
1803 3261 1909 3340 stante

561 3359 719 3455 templo,
746 3361 784 3429 δι
801 3358 941 3455 vigente
956 3354 1055 3430 cultu
1075 3358 1236 3430 Levitico
1260 3404 1272 3441 ,
1308 3358 1434 3433 Scribis
1452 3363 1534 3433 &P
1559 3352 1681 3431 arisaels
1701 3353 1908 3434 sedentibut

563 3457 597 3526 in
609 3454 780 3525 Cathedra
793 3449 920 3532 Mosis,
948 3456 985 3524 &
1005 3453 1177 3550 populum
1195 3454 1242 3524 ad
1253 3450 1483 3552 scrupulosam
1499 3456 1774 3528 ceremoniarum
1788 3453 1909 3533 obscr-

559 3552 717 3720 irin
732 3544 1908 3745 rainereiniuriae

915 3694 925 3717 ·
1608 3693 1620 3731 t

561 3740 683 3813 eadem
699 3738 781 3813 urbs
798 3738 1038 3836 antiquissimis
1051 3737 1267 3835 temporibus
1279 3741 1368 3814 dista
1388 3742 1595 3836 suitJebrcr,
1619 3671 1784 3842 diince‘bs
1805 3769 1906 3832 vero,

559 3840 598 3908 δι
610 3837 706 3909 Pauli
718 3857 863 3935 quoque
877 3856 997 3918 aetate,
1024 3836 1230 3926 Jeruliiiem,
1254 3862 1297 3908 eo
1307 3835 1417 3938 ipsum
1428 3835 1605 3938 respexisse
1615 3861 1798 3940 pugnante
1814 3867 1909 3942 qua-

559 3927 583 4002 si
604 3924 756 4013 dixillet,
785 3954 864 4027 quae
886 3930 973 4004 olim
992 3931 1080 4003 dieta
1097 3930 1161 4004 suit
1172 3931 1304 4027 Jebiir,
1327 3960 1417 4009 nunc
1434 3961 1550 4010 autern
1568 3935 1770 4028 ycriiiient.
1827 3945 1909 4014 Ma·

558 4028 632 4117 jora
651 4023 810 4107 subsunt,
839 4026 881 4097 de
903 4026 1031 4123 quibus
1044 4026 1181 4100 homini
1205 4029 1391 4129 Theologo
1410 4033 1634 4131 cogitandum
1655 4031 1715 4106 est.
1768 4035 1909 4110 Nullus

559 4122 760 4204 dissimulo,
787 4121 874 4193 adeo
896 4121 981 4194 mihi
1005 4123 1216 4198 celeberrimi
1233 4130 1354 4221 Cocreji
1369 4124 1468 4229 super
1484 4128 1548 4203 hac
1563 4130 1732 4239 temporis
1742 4125 1910 4230 designa·

557 4220 653 4290 tione
669 4220 816 4315 cogitata
829 4214 1010 4315 placuisse,
1037 4242 1076 4292 ut
1094 4220 1247 4295 alacriter
1264 4226 1418 4297 animum
1434 4225 1630 4299 induxerim
1641 4247 1821 4323 integrum
1829 4231 1909 4318 ejus

557 4316 846 4386 commentarium
866 4314 942 4387 heic
971 4315 1143 4389 exhibere.
1196 4321 1251 4391 Sic
1271 4343 1353 4419 ergo
1382 4321 1442 4394 ille
1462 4349 1472 4394 ε
1499 4320 1662 4418 Apostolus
1677 4325 1786 4394 dicit:
1811 4329 1910 4402 flie-

555 4407 731 4510 rosolyma
748 4435 827 4509 quae
843 4436 934 4486 nunc
960 4410 1019 4487 est.
1045 4511 1048 4520 1
1070 4419 1113 4487 le
1135 4417 1217 4487 enias
1237 4414 1541 4518 sermone-Apostoli
1558 4422 1825 4497 ammarum
1847 4420 1913 4598 egl,
