4667 5442
687 477 1587 565 oissutrruiouoisroitcr.
1755 501 1824 590 163

470 667 572 762 gitate
592 665 733 761 positum,
752 691 808 738 cut
824 659 1040 749 conscientia,
1065 687 1136 758 quet
1155 662 1235 737 nulli
1254 671 1353 737 errori
1372 668 1585 763 obnoxiamse
1603 668 1663 743 eiie
1677 673 1826 773 postulat,
1873 697 1878 706 “

472 768 581 833 minos
595 790 709 836 norma
720 762 876 854 sttjudict'i
889 770 928 837 de
943 766 1067 838 ariorum
1087 759 1198 846 fartis,
1221 787 1319 862 quam
1341 767 1457 853 destris.
1508 776 1589 848 Imo,
1613 776 1740 866 inquit,
1761 799 1825 844 torr-

463 865 587 950 str'erttie
607 872 684 935 ciere
700 867 807 942 ditior,
833 888 887 934 nort
901 869 950 953 rije
963 869 1159 962 judicandum
1184 885 1308 947 temere,
1334 875 1460 939 omnium
1484 871 1600 939 minime
1616 872 1649 936 de
1654 870 1824 954 fratribus,

469 962 631 1034 bominibus
641 962 861 1053 spiritualibus,
886 970 971 1057 idque
987 967 1017 1033 iro
1030 969 1066 1035 iis
1078 967 1228 1058 rebusque
1241 965 1261 1036 i
1273 964 1399 1051 foioDei
1412 970 1582 1059 beneplacito
1589 971 1723 1059 prodent.
1751 972 1785 1040 V
1790 998 1825 1043 e·

468 1082 567 1140 rum,
593 1064 728 1156 inquam
749 1086 831 1159 ego,
860 1061 880 1130 ti
898 1060 1108 1152 conscientia,
1121 1065 1160 1134 ad
1176 1088 1274 1159 quam
1290 1066 1378 1137 oolla
1395 1066 1500 1136 adhuc
1516 1074 1659 1163 cognitio
1669 1068 1825 1142 libertatis

473 1158 667 1231 Christianae
684 1167 850 1256 pervenit,
876 1160 1001 1233 homini
1026 1164 1126 1233 dieiiet
1148 1160 1347 1235 observanda
1366 1163 1472 1236 adhuc
1487 1166 1549 1234 ess'e
1578 1165 1632 1235 iila
1653 1170 1825 1264 dogmata,

473 1281 548 1354 quae
561 1256 642 1330 olim
658 1267 812 1357 proecepit
824 1265 914 1332 Deus
928 1267 945 1354 (
960 1263 1049 1357 quod
1066 1258 1295 1333 conscientiam
1313 1266 1435 1334 didiare
1451 1271 1485 1332 in
1506 1262 1560 1333 tali
1577 1259 1666 1342 casu,
1693 1267 1758 1335 Vir
1771 1264 1826 1338 ille

470 1354 668 1429 doriiffimur
684 1356 872 1446 adseverat)
897 1385 961 1429 non
982 1359 1082 1457 potest
1106 1363 1311 1431 temerarium
1334 1363 1489 1453 judicium
1509 1367 1540 1431 ei
1554 1360 1755 1435 conscientiae
1775 1373 1824 1434 vi·

471 1458 563 1541 deri,
589 1481 655 1551 quo
666 1455 839 1528 arbitratur
849 1455 1061 1538 fratresiuos,
1089 1468 1296 1554 quantumvis
1313 1459 1512 1556 ipitituaies,
1536 1465 1650 1530 eadem
1665 1449 1826 1533 serumless

470 1580 513 1654 ge
528 1560 643 1626 teneri.
695 1560 971 1656 Quandoquidem
986 1582 1052 1628 oon
1074 1559 1174 1628 diiiat
1194 1556 1405 1645 conscientia,
1433 1564 1560 1654 eosqui
1579 1555 1636 1629 sub
1651 1564 1826 1634 eademoe·

471 1659 622 1728 eunomia
634 1657 765 1734 vivunt,
791 1652 916 1727 diuerso
927 1662 998 1748 jure
1014 1659 1073 1728 uti.

569 1753 679 1827 CXli.
708 1754 804 1828 instat
818 1758 869 1826 vir
882 1760 1044 1834 Eximius,
1067 1778 1138 1826 tem
1148 1776 1221 1827 eam
1240 1752 1392 1826 declarari
1409 1754 1496 1851 poiie
1518 1752 1675 1853 exemplo.
1726 1764 1826 1828 Pone.

474 1876 563 1933 mter,
588 1858 650 1932 ait,
674 1857 815 1924 exercitui
835 1857 942 1939 elicui,
966 1854 1005 1923 ob
1026 1860 1204 1946 Imperatore
1223 1856 1256 1923 in
1279 1856 1425 1923 mandetis
1445 1858 1549 1926 datum
1577 1854 1627 1943 effe
1645 1874 1679 1925 ut
1693 1856 1828 1948 torliiget

473 1977 540 2023 tum
553 1952 641 2045 irmie,
663 1955 740 2041 quod
750 1955 818 2022 dum
825 1954 905 2044 fecit
918 1955 1051 2045 receptui
1062 1971 1190 2024 canitur.
1244 1955 1349 2050 Qrtiid
1360 1954 1483 2022 aedium
1493 1978 1513 2021 a
1520 1953 1823 2047 puguandodeſsstunt3

470 2054 652 2130 remotiores,
674 2055 725 2141 qui
740 2075 796 2120 rom
812 2054 970 2128 audivere.
986 2051 1196 2142 perftquumer
1211 2052 1324 2144 hostem.
1382 2054 1507 2141 Utrique
1521 2054 1661 2122 mandato
1672 2054 1828 2143 imperoto-

471 2154 513 2219 ris
529 2154 663 2221 haetenus
672 2170 791 2243 parem.
841 2150 932 2222 Nolo
946 2174 1062 2221 vexate
1084 2146 1217 2244 singula.
1282 2152 1357 2221 Hoc
1372 2174 1475 2221 unum
1501 2154 1608 2221 notari
1631 2147 1748 2233 velim3
1774 2172 1828 2223 eoo

471 2254 657 2344 omnesqui
678 2272 791 2346 putant
809 2246 867 2318 fibi
886 2274 924 2319 ex
941 2248 1093 2321 nraodato
1111 2254 1156 2316 im
1181 2252 1313 2318 etatoris
1329 2244 1588 2344 persequendum
1604 2249 1665 2319 esse
1683 2246 1822 2348 hostem,

470 2372 539 2419 oon
554 2347 639 2444 polie
652 2373 719 2419 noo
734 2352 870 2445 ignaviae
885 2351 973 2443 apud
985 2349 1130 2444 animum
1147 2272 1239 2416 (fuum
1252 2342 1479 2430 accusateeos,
1502 2348 1560 2445 qui
1574 2344 1721 2447 gladium
1738 2348 1828 2448 vagi·

472 2470 515 2517 ua
534 2450 709 2517 condentes
725 2443 818 2541 paiste
834 2446 984 2516 manibus
999 2442 1241 2538 conquiescunt.

571 2546 704 2618 cxrtt.
731 2549 889 2614 Praeterea
906 2542 985 2614 scite
1001 2565 1081 2612 aveo
1089 2566 1154 2637 qua
1170 2563 1239 2614 arte
1250 2541 1338 2613 eludi
1363 2537 1458 2637 poiiit
1477 2543 1529 2615 iiia
1552 2545 1644 2617 Pauii
1661 2550 1828 2645 pericopa.

471 2646 540 2715 Tit.
554 2667 577 2714 t.
591 2663 648 2731 15.
674 2647 837 2733 mquioarr's
853 2663 951 2742 eptem
965 2639 1304 2731 &infidelibornihiiest
1318 2642 1494 2734 purtemsed
1506 2647 1660 2736 inquietate
1670 2644 1827 2738 surtipso.

472 2765 542 2938 ’ξπ
559 2743 598 2819 Cr
610 2765 690 2814 mem
705 2744 745 2819 Cr
758 2740 931 2822 conscientia.
981 2739 1066 2811 Vidi
1084 2741 1239 2834 equidem
1255 2738 1460 2811 celeberrimi
1476 2746 1662 2842 interpretis
1677 2738 1833 2817 vetbaal·

474 2839 485 2910 l
529 2845 596 2921 ati,
621 2838 760 2937 quafiea
783 2837 996 2913 sufficientem
1014 2842 1110 2911 totius
1126 2834 1323 2910 difficultatis
1335 2835 1527 2911 solutionem
1541 2836 1750 2913 exhiberent:
1776 2838 1831 2913 sed

431 2939 444 2976 ⁴
472 2942 555 3037 quid
569 2938 716 3013 futurum
727 2938 791 3019 est,
818 2936 840 3010 fi
854 2944 928 3035 quir
942 2933 1075 3034 sepofita
1089 2939 1276 3008 auiiotitate
1291 2960 1361 3006 rem
1373 2934 1476 3029 ipsam
1490 2954 1619 3031 urgeat?
1645 2940 1832 3026 Nimirum,

472 3060 511 3108 ut
530 3038 680 3131 ptaeelate
699 3041 842 3129 Magnus
862 3043 1039 3129 interpres,
1057 3032 1200 3122 fignificat
1214 3028 1390 3121 Apostolus,
1410 3049 1562 3120 peecatum
1583 3032 1833 3117 bominemfecere

474 3137 651 3227 importem:
674 3139 735 3210 (r,
755 3154 845 3221 quum
861 3135 942 3200 trono
954 3150 1006 3220 per
1016 3146 1167 3220 peecatum
1191 3129 1322 3220 impurus
1335 3124 1391 3218 est,
1414 3146 1480 3197 trem
1499 3129 1588 3213 etiem
1607 3150 1653 3197 ree
1668 3130 1730 3198 Dei
1742 3131 1769 3198 ei
1778 3151 1833 3223 per

474 3251 625 3327 peceatum
643 3235 773 3324 impuros
790 3227 863 3315 effe,
888 3232 907 3297 h
932 3253 958 3296 e.
975 3248 1038 3295 rum
1048 3228 1188 3296 bominem
1201 3226 1253 3315 oste
1270 3247 1367 3295 rerum
1380 3226 1443 3295 Dei
1459 3244 1761 3320 puroromtertquem
1773 3229 1835 3299 im·

474 3353 633 3426 purarum,
644 3331 792 3420 inquinari
805 3333 842 3404 (r
858 3329 956 3420 poiui.
988 3328 1077 3425 Qio
1086 3342 1235 3418 peceatum
1245 3323 1324 3413 fecit
1337 3326 1479 3395 hominem
1493 3323 1835 3420 injustumstveadr'mt't
1863 3367 1865 3371 >

476 3435 505 3503 ei
512 3435 569 3528 jes
582 3431 686 3503 utendi
697 3430 780 3499 rebus
800 3429 871 3497 Dei.
924 3425 1175 3521 Videmusetgo
1193 3477 1202 3510 ‚
1229 3423 1309 3519 quid
1329 3418 1367 3494 fit
1383 3424 1546 3523 inquietatio
1559 3424 1699 3506 hominis,
1712 3422 1834 3500 scilieet

474 3550 642 3625 peccatum.
696 3531 888 3625 Pergamus:
915 3525 995 3619 quid
1007 3523 1053 3593 eii
1067 3524 1227 3613 inquinatio
1242 3523 1370 3594 mentis?
1391 3526 1513 3593 iterum
1530 3523 1564 3593 id
1579 3522 1665 3594 dicat
1680 3525 1769 3597 idem
1783 3529 1835 3597 iu·

482 3653 632 3728 terpres:
658 3642 756 3699 Mutis
783 3640 925 3696 offulto
945 3640 1031 3698 151,
1055 3624 1129 3718 ,quie
1146 3643 1202 3691 rror
1219 3637 1323 3690 emant
1341 3621 1519 3700 veritatem,
1544 3644 1633 3712 reque
1651 3647 1717 3694 eom
1734 3647 1835 3717 eogno-
1861 3635 1864 3640 ’

473 3728 560 3816 frum
567 3750 584 3814 ,·
599 3725 654 3817 sed
664 3726 795 3798 tenebras
811 3741 926 3793 omem.
980 3717 1307 3812 Mensenimfigrrifieot
1321 3721 1365 3788 iric
1380 3722 1457 3810 qttod
1468 3720 1578 3791 nomine
1591 3738 1740 3801 Attritis,
1760 3726 1836 3794 Sl’t·

481 3845 607 3904 Ritus,
626 3844 762 3903 counit,
778 3824 873 3893 notari
884 3820 966 3908 βίον,
977 3843 1076 3911 nempe
1091 3824 1202 3887 iniiam
1220 3824 1257 3895 (r
1268 3826 1397 3902 θέλημα.
1448 3821 1596 3914 Optime.
1625 3826 1836 3893 Unumnunc

481 3924 577 3995 restat
592 3923 842 4021 exponendum
868 3923 948 4013 quid
972 3920 1016 3989 eii
1035 3934 1251 4004 rrtQmfflo
1276 3919 1551 3991 cursorium?
1578 3921 1645 3992 Hie
1661 3917 1836 3994 sudatcum

484 4024 645 4122 Magistro
660 4018 717 4095 suo
730 4026 790 4091 Vit
807 4022 939 4116 quidam
950 4013 1166 4102 dotiifflmus,
1193 4023 1229 4088 dt
1244 4012 1533 4086 comminiscuntur
1543 4016 1662 4101 multa;
1679 4017 1731 4088 sed
1742 4021 1836 4090 doce·

484 4127 517 4196 ti
532 4144 670 4219 exopto,
696 4117 887 4213 fiinqoirretio
905 4108 1031 4187 hominis
1053 4111 1212 4191 infidelis,
1234 4133 1383 4206 peceatum
1405 4110 1467 4203 ὕες
1492 4111 1516 4184 si
1539 4117 1700 4207 inquinatio
1714 4119 1836 4196 mentis,

485 4224 585 4292 etiam
597 4237 764 4313 pertatem,
785 4214 841 4299 sit;
865 4240 937 4311 quae
951 4215 1052 4288 caussa
1066 4217 1130 4283 dici
1150 4207 1262 4308 poffit,
1285 4237 1341 4283 cut
1356 4216 1516 4303 inquinatio
1523 4214 1691 4304 constitutio
1703 4238 1835 4308 noopa·

487 4324 567 4394 riter
579 4316 616 4391 iit
626 4317 799 4415 pertatem?
827 4320 942 4415 Quum
957 4314 1095 4388 e‘ttimde
1108 4312 1233 4398 domim,
1252 4311 1293 4384 de
1303 4331 1416 4393 memte.
1433 4312 1644 4405 decorfiierrtie
1657 4313 1744 4383 idem
1753 4336 1836 4407 prae·

1168 4432 1236 4494 xa
1659 4412 1663 4424 ’
1696 4411 1834 4496 ditatum
2035 4489 2040 4496 ,
