<?xml version="1.0" encoding="UTF-8"?>
<!DOCTYPE html PUBLIC "-//W3C//DTD XHTML 1.0 Transitional//EN"
    "http://www.w3.org/TR/xhtml1/DTD/xhtml1-transitional.dtd">
<html xmlns="http://www.w3.org/1999/xhtml" xml:lang="en" lang="en">
 <head>
  <title>
</title>
<meta http-equiv="Content-Type" content="text/html;charset=utf-8" />
  <meta name='ocr-system' content='tesseract 3.04.00' />
  <meta name='ocr-capabilities' content='ocr_page ocr_carea ocr_par ocr_line ocrx_word'/>
</head>
<body>
  <div class='ocr_page' id='page_1' title='image "./hermanniwitsiim01witsgoog/hermanniwitsiim01witsgoog_0716.png"; bbox 0 0 4667 5442; ppageno 0'>
   <div class='ocr_carea' id='block_1_1' title="bbox 828 320 829 548">
    <p class='ocr_par' dir='ltr' id='par_1_1' title="bbox 828 320 829 548">
     <span class='ocr_line' id='line_1_1' title="bbox 828 320 829 548; baseline 0 4894"><span class='ocrx_word' id='word_1_1' title='bbox 828 320 829 548; x_wconf 95' lang='lat' dir='ltr'><strong> </strong></span> 
     </span>
    </p>
   </div>
   <div class='ocr_carea' id='block_1_2' title="bbox 1303 746 3567 882">
    <p class='ocr_par' dir='ltr' id='par_1_2' title="bbox 1303 746 3567 882">
     <span class='ocr_line' id='line_1_2' title="bbox 1303 746 3567 882; baseline 0.001 -35"><span class='ocrx_word' id='word_1_2' title='bbox 1303 749 1464 847; x_wconf 75' lang='lat' dir='ltr'><strong>Da</strong></span> <span class='ocrx_word' id='word_1_3' title='bbox 1533 746 2143 848; x_wconf 59' lang='lat' dir='ltr'><strong>Pan-:stant</strong></span> <span class='ocrx_word' id='word_1_4' title='bbox 2214 749 2594 848; x_wconf 70' lang='lat' dir='ltr'><strong>Vani-r.</strong></span> <span class='ocrx_word' id='word_1_5' title='bbox 2660 747 3057 848; x_wconf 67' lang='lat' dir='ltr'><strong>Eune.</strong></span> <span class='ocrx_word' id='word_1_6' title='bbox 3360 750 3567 882; x_wconf 81' lang='lat'><strong>695</strong></span> 
     </span>
    </p>
   </div>
   <div class='ocr_carea' id='block_1_3' title="bbox 828 909 3622 4792">
    <p class='ocr_par' dir='ltr' id='par_1_3' title="bbox 828 909 3570 2176">
     <span class='ocr_line' id='line_1_3' title="bbox 863 909 3566 1012; baseline -0 -19"><span class='ocrx_word' id='word_1_7' title='bbox 863 931 1258 994; x_wconf 65' lang='lat' dir='ltr'><strong>utra-rau</strong></span> <span class='ocrx_word' id='word_1_8' title='bbox 1307 909 1654 991; x_wconf 80' lang='lat' dir='ltr'><strong>conficias·</strong></span> <span class='ocrx_word' id='word_1_9' title='bbox 1753 917 1938 1005; x_wconf 76' lang='lat' dir='ltr'><strong>Quae</strong></span> <span class='ocrx_word' id='word_1_10' title='bbox 1958 934 2193 988; x_wconf 90' lang='lat' dir='ltr'><strong>autem</strong></span> <span class='ocrx_word' id='word_1_11' title='bbox 2230 915 2457 986; x_wconf 90' lang='lat' dir='ltr'><strong>aDeo</strong></span> <span class='ocrx_word' id='word_1_12' title='bbox 2488 911 2585 988; x_wconf 88' lang='lat' dir='ltr'><strong>est</strong></span> <span class='ocrx_word' id='word_1_13' title='bbox 2625 912 2963 1012; x_wconf 70' lang='lat' dir='ltr'><strong>profesta,</strong></span> <span class='ocrx_word' id='word_1_14' title='bbox 3015 917 3091 991; x_wconf 88' lang='lat'>&amp;</span> <span class='ocrx_word' id='word_1_15' title='bbox 3134 935 3245 990; x_wconf 89' lang='lat' dir='ltr'><strong>tot</strong></span> <span class='ocrx_word' id='word_1_16' title='bbox 3276 917 3566 993; x_wconf 69' lang='lat' dir='ltr'><strong>coelesti-</strong></span> 
     </span>
     <span class='ocr_line' id='line_1_4' title="bbox 859 1007 3563 1111; baseline 0.001 -25"><span class='ocrx_word' id='word_1_17' title='bbox 859 1013 1004 1090; x_wconf 80' lang='lat' dir='ltr'><strong>bus</strong></span> <span class='ocrx_word' id='word_1_18' title='bbox 1043 1011 1386 1111; x_wconf 83' lang='lat' dir='ltr'><strong>prodigiis</strong></span> <span class='ocrx_word' id='word_1_19' title='bbox 1421 1007 1822 1088; x_wconf 82' lang='lat' dir='ltr'><strong>confirmata</strong></span> <span class='ocrx_word' id='word_1_20' title='bbox 1843 1057 1868 1096; x_wconf 88' lang='lat'>‚</span> <span class='ocrx_word' id='word_1_21' title='bbox 1922 1032 2206 1109; x_wconf 88' lang='lat' dir='ltr'><strong>tamque</strong></span> <span class='ocrx_word' id='word_1_22' title='bbox 2238 1009 2629 1084; x_wconf 80' lang='lat' dir='ltr'><strong>incredibili</strong></span> <span class='ocrx_word' id='word_1_23' title='bbox 2662 1012 2913 1086; x_wconf 89' lang='lat' dir='ltr'><strong>virtute</strong></span> <span class='ocrx_word' id='word_1_24' title='bbox 2964 1013 3252 1111; x_wconf 86' lang='lat' dir='ltr'><strong>praedita</strong></span> <span class='ocrx_word' id='word_1_25' title='bbox 3280 1017 3563 1100; x_wconf 79' lang='lat' dir='ltr'><strong>veritas.</strong></span> 
     </span>
     <span class='ocr_line' id='line_1_5' title="bbox 857 1104 3565 1212; baseline 0.002 -30"><span class='ocrx_word' id='word_1_26' title='bbox 857 1107 1242 1210; x_wconf 82' lang='lat' dir='ltr'><strong>quomodo</strong></span> <span class='ocrx_word' id='word_1_27' title='bbox 1287 1134 1431 1182; x_wconf 91' lang='lat' dir='ltr'><strong>non</strong></span> <span class='ocrx_word' id='word_1_28' title='bbox 1483 1107 1630 1185; x_wconf 80' lang='lat' dir='ltr'><strong>haec</strong></span> <span class='ocrx_word' id='word_1_29' title='bbox 1671 1109 1914 1182; x_wconf 89' lang='lat' dir='ltr'><strong>eadem</strong></span> <span class='ocrx_word' id='word_1_30' title='bbox 1949 1107 2156 1182; x_wconf 78' lang='lat' dir='ltr'><strong>rebus</strong></span> <span class='ocrx_word' id='word_1_31' title='bbox 2206 1105 2537 1182; x_wconf 81' lang='lat' dir='ltr'><strong>omnibus</strong></span> <span class='ocrx_word' id='word_1_32' title='bbox 2586 1109 3063 1207; x_wconf 88' lang='lat' dir='ltr'><strong>anteponenda</strong></span> <span class='ocrx_word' id='word_1_33' title='bbox 3096 1104 3175 1183; x_wconf 85' lang='lat' dir='ltr'><strong>fit</strong></span> <span class='ocrx_word' id='word_1_34' title='bbox 3209 1156 3232 1193; x_wconf 87' lang='lat'><strong>,</strong></span> <span class='ocrx_word' id='word_1_35' title='bbox 3288 1114 3565 1212; x_wconf 85' lang='lat' dir='ltr'><strong>concipi</strong></span> 
     </span>
     <span class='ocr_line' id='line_1_6' title="bbox 855 1201 3563 1306; baseline 0 -24"><span class='ocrx_word' id='word_1_36' title='bbox 855 1205 1069 1282; x_wconf 79' lang='lat' dir='ltr'><strong>nullo</strong></span> <span class='ocrx_word' id='word_1_37' title='bbox 1095 1209 1296 1303; x_wconf 71' lang='grc' dir='ltr'><strong>Ρειᾶο</strong></span> <span class='ocrx_word' id='word_1_38' title='bbox 1329 1205 1576 1306; x_wconf 88' lang='lat' dir='ltr'><strong>potest.</strong></span> <span class='ocrx_word' id='word_1_39' title='bbox 1679 1203 1916 1278; x_wconf 87' lang='lat' dir='ltr'>Lubet</span> <span class='ocrx_word' id='word_1_40' title='bbox 1943 1225 2176 1279; x_wconf 90' lang='lat' dir='ltr'><strong>tamen</strong></span> <span class='ocrx_word' id='word_1_41' title='bbox 2217 1201 2655 1279; x_wconf 85' lang='lat' dir='ltr'><strong>meditationi</strong></span> <span class='ocrx_word' id='word_1_42' title='bbox 2694 1202 2856 1280; x_wconf 85' lang='lat' dir='ltr'><strong>huic</strong></span> <span class='ocrx_word' id='word_1_43' title='bbox 2894 1206 3402 1304; x_wconf 88' lang='lat' dir='ltr'><strong>aliquantulum</strong></span> <span class='ocrx_word' id='word_1_44' title='bbox 3426 1210 3563 1284; x_wconf 89' lang='lat' dir='ltr'><strong>im·-</strong></span> 
     </span>
     <span class='ocr_line' id='line_1_7' title="bbox 855 1299 3570 1403; baseline 0 -25"><span class='ocrx_word' id='word_1_45' title='bbox 855 1307 1122 1378; x_wconf 76' lang='lat' dir='ltr'><strong>morari</strong></span> <span class='ocrx_word' id='word_1_46' title='bbox 1163 1349 1190 1387; x_wconf 83' lang='lat'>‚</span> <span class='ocrx_word' id='word_1_47' title='bbox 1272 1305 1347 1377; x_wconf 76' lang='grc' dir='ltr'><strong>δι</strong></span> <span class='ocrx_word' id='word_1_48' title='bbox 1386 1323 1726 1403; x_wconf 90' lang='lat' dir='ltr'><strong>quantum</strong></span> <span class='ocrx_word' id='word_1_49' title='bbox 1762 1301 2125 1401; x_wconf 82' lang='lat' dir='ltr'><strong>Evangelii</strong></span> <span class='ocrx_word' id='word_1_50' title='bbox 2175 1300 2482 1376; x_wconf 69' lang='lat' dir='ltr'><strong>doctrina</strong></span> <span class='ocrx_word' id='word_1_51' title='bbox 2528 1302 2789 1377; x_wconf 83' lang='lat' dir='ltr'><strong>caeteris</strong></span> <span class='ocrx_word' id='word_1_52' title='bbox 2833 1299 3207 1401; x_wconf 86' lang='lat' dir='ltr'><strong>disciplinis</strong></span> <span class='ocrx_word' id='word_1_53' title='bbox 3241 1305 3570 1379; x_wconf 68' lang='lat' dir='ltr'><strong>omnibus</strong></span> 
     </span>
     <span class='ocr_line' id='line_1_8' title="bbox 829 1396 3568 1500; baseline 0 -27"><span class='ocrx_word' id='word_1_54' title='bbox 829 1403 1362 1474; x_wconf 58' lang='lat' dir='ltr'><strong>Panem-tar</strong></span> <span class='ocrx_word' id='word_1_55' title='bbox 1389 1445 1413 1484; x_wconf 87' lang='lat'>,</span> <span class='ocrx_word' id='word_1_56' title='bbox 1454 1423 1618 1499; x_wconf 77' lang='lat' dir='ltr'><strong>quae</strong></span> <span class='ocrx_word' id='word_1_57' title='bbox 1644 1423 1858 1497; x_wconf 88' lang='lat' dir='ltr'><strong>quam</strong></span> <span class='ocrx_word' id='word_1_58' title='bbox 1886 1399 2185 1472; x_wconf 81' lang='lat' dir='ltr'><strong>maxime</strong></span> <span class='ocrx_word' id='word_1_59' title='bbox 2209 1396 2301 1470; x_wconf 87' lang='lat' dir='ltr'><strong>ad</strong></span> <span class='ocrx_word' id='word_1_60' title='bbox 2334 1400 2603 1498; x_wconf 87' lang='lat' dir='ltr'><strong>generis</strong></span> <span class='ocrx_word' id='word_1_61' title='bbox 2628 1396 2911 1473; x_wconf 89' lang='lat' dir='ltr'><strong>humani</strong></span> <span class='ocrx_word' id='word_1_62' title='bbox 2947 1400 3156 1474; x_wconf 89' lang='lat' dir='ltr'><strong>decus</strong></span> <span class='ocrx_word' id='word_1_63' title='bbox 3195 1419 3404 1500; x_wconf 87' lang='lat' dir='ltr'><strong>atque</strong></span> <span class='ocrx_word' id='word_1_64' title='bbox 3422 1403 3568 1474; x_wconf 85' lang='lat' dir='ltr'><strong>uti-</strong></span> 
     </span>
     <span class='ocr_line' id='line_1_9' title="bbox 828 1491 3563 1594; baseline 0 -24"><span class='ocrx_word' id='word_1_65' title='bbox 828 1491 1136 1572; x_wconf 66' lang='lat' dir='ltr'><strong>mitatem</strong></span> <span class='ocrx_word' id='word_1_66' title='bbox 1174 1500 1510 1594; x_wconf 88' lang='lat' dir='ltr'><strong>pertinere</strong></span> <span class='ocrx_word' id='word_1_67' title='bbox 1541 1496 1928 1588; x_wconf 86' lang='lat' dir='ltr'><strong>judicantur</strong></span> <span class='ocrx_word' id='word_1_68' title='bbox 1955 1540 1982 1578; x_wconf 84' lang='lat'><strong>,</strong></span> <span class='ocrx_word' id='word_1_69' title='bbox 2033 1492 2336 1568; x_wconf 88' lang='lat' dir='ltr'><strong>instituta</strong></span> <span class='ocrx_word' id='word_1_70' title='bbox 2393 1516 2841 1592; x_wconf 87' lang='lat' dir='ltr'><strong>utrarumque</strong></span> <span class='ocrx_word' id='word_1_71' title='bbox 2881 1499 3391 1592; x_wconf 90' lang='lat' dir='ltr'><strong>comparatione</strong></span> <span class='ocrx_word' id='word_1_72' title='bbox 3427 1496 3563 1570; x_wconf 91' lang='lat' dir='ltr'><strong>do·-</strong></span> 
     </span>
     <span class='ocr_line' id='line_1_10' title="bbox 828 1589 3562 1693; baseline -0.001 -21"><span class='ocrx_word' id='word_1_73' title='bbox 828 1611 1045 1672; x_wconf 76' lang='lat' dir='ltr'><strong>1cere.</strong></span> <span class='ocrx_word' id='word_1_74' title='bbox 1117 1598 1335 1667; x_wconf 88' lang='lat' dir='ltr'><strong>Latus</strong></span> <span class='ocrx_word' id='word_1_75' title='bbox 1368 1594 1481 1668; x_wconf 89' lang='lat' dir='ltr'><strong>hic</strong></span> <span class='ocrx_word' id='word_1_76' title='bbox 1518 1596 1771 1667; x_wconf 91' lang='lat' dir='ltr'><strong>iterum</strong></span> <span class='ocrx_word' id='word_1_77' title='bbox 1799 1590 2004 1665; x_wconf 80' lang='lat' dir='ltr'><strong>nobis</strong></span> <span class='ocrx_word' id='word_1_78' title='bbox 2039 1590 2316 1664; x_wconf 88' lang='lat' dir='ltr'><strong>dicendi</strong></span> <span class='ocrx_word' id='word_1_79' title='bbox 2356 1614 2637 1688; x_wconf 84' lang='lat' dir='ltr'><strong>campus</strong></span> <span class='ocrx_word' id='word_1_80' title='bbox 2665 1594 3003 1687; x_wconf 83' lang='lat' dir='ltr'><strong>aperitur:</strong></span> <span class='ocrx_word' id='word_1_81' title='bbox 3051 1589 3263 1667; x_wconf 87' lang='lat' dir='ltr'><strong>sedin</strong></span> <span class='ocrx_word' id='word_1_82' title='bbox 3304 1617 3562 1693; x_wconf 85' lang='lat' dir='ltr'><strong>gyrum</strong></span> 
     </span>
     <span class='ocr_line' id='line_1_11' title="bbox 829 1685 3564 1792; baseline -0.001 -26"><span class='ocrx_word' id='word_1_83' title='bbox 829 1685 1298 1788; x_wconf 71' lang='lat' dir='ltr'><strong>icompescam</strong></span> <span class='ocrx_word' id='word_1_84' title='bbox 1324 1689 1670 1792; x_wconf 85' lang='lat' dir='ltr'><strong>gestientis</strong></span> <span class='ocrx_word' id='word_1_85' title='bbox 1708 1689 2040 1762; x_wconf 86' lang='lat' dir='ltr'><strong>orationis</strong></span> <span class='ocrx_word' id='word_1_86' title='bbox 2073 1688 2415 1784; x_wconf 86' lang='lat' dir='ltr'><strong>impetum</strong></span> <span class='ocrx_word' id='word_1_87' title='bbox 2436 1734 2461 1771; x_wconf 87' lang='lat'>,</span> <span class='ocrx_word' id='word_1_88' title='bbox 2513 1689 2589 1761; x_wconf 85' lang='lat'>&amp;</span> <span class='ocrx_word' id='word_1_89' title='bbox 2626 1689 2845 1762; x_wconf 89' lang='lat' dir='ltr'><strong>tribus</strong></span> <span class='ocrx_word' id='word_1_90' title='bbox 2863 1711 3250 1788; x_wconf 84' lang='lat' dir='ltr'><strong>quatuorve</strong></span> <span class='ocrx_word' id='word_1_91' title='bbox 3268 1690 3355 1763; x_wconf 90' lang='lat' dir='ltr'><strong>ad</strong></span> <span class='ocrx_word' id='word_1_92' title='bbox 3376 1685 3564 1764; x_wconf 91' lang='lat' dir='ltr'><strong>sum-</strong></span> 
     </span>
     <span class='ocr_line' id='line_1_12' title="bbox 828 1781 3563 1886; baseline 0 -26"><span class='ocrx_word' id='word_1_93' title='bbox 828 1807 1064 1870; x_wconf 65' lang='lat' dir='ltr'><strong>:mum</strong></span> <span class='ocrx_word' id='word_1_94' title='bbox 1089 1787 1430 1885; x_wconf 77' lang='lat' dir='ltr'><strong>capitibus</strong></span> <span class='ocrx_word' id='word_1_95' title='bbox 1460 1785 1801 1885; x_wconf 89' lang='lat' dir='ltr'><strong>quicquid</strong></span> <span class='ocrx_word' id='word_1_96' title='bbox 1838 1786 2075 1857; x_wconf 90' lang='lat' dir='ltr'><strong>animo</strong></span> <span class='ocrx_word' id='word_1_97' title='bbox 2098 1781 2472 1858; x_wconf 87' lang='lat' dir='ltr'><strong>meditatus</strong></span> <span class='ocrx_word' id='word_1_98' title='bbox 2496 1808 2678 1857; x_wconf 90' lang='lat' dir='ltr'><strong>eram</strong></span> <span class='ocrx_word' id='word_1_99' title='bbox 2709 1786 3143 1886; x_wconf 68' lang='lat' dir='ltr'><strong>complectar.</strong></span> <span class='ocrx_word' id='word_1_100' title='bbox 3246 1791 3563 1861; x_wconf 87' lang='lat' dir='ltr'><strong>Conten-</strong></span> 
     </span>
     <span class='ocr_line' id='line_1_13' title="bbox 831 1879 3558 1983; baseline 0.001 -30"><span class='ocrx_word' id='word_1_101' title='bbox 831 1879 966 1966; x_wconf 61' lang='lat' dir='ltr'><strong>2do</strong></span> <span class='ocrx_word' id='word_1_102' title='bbox 1000 1883 1220 1979; x_wconf 88' lang='lat' dir='ltr'><strong>igitur</strong></span> <span class='ocrx_word' id='word_1_103' title='bbox 1261 1885 1616 1958; x_wconf 90' lang='lat' dir='ltr'><strong>veritatem</strong></span> <span class='ocrx_word' id='word_1_104' title='bbox 1637 1880 2119 1980; x_wconf 88' lang='lat' dir='ltr'><strong>Evangelicam</strong></span> <span class='ocrx_word' id='word_1_105' title='bbox 2141 1880 2392 1976; x_wconf 91' lang='lat' dir='ltr'><strong>-primo</strong></span> <span class='ocrx_word' id='word_1_106' title='bbox 2430 1885 2991 1957; x_wconf 65' lang='lat' dir='ltr'><strong>Sorani-tarr.</strong></span> <span class='ocrx_word' id='word_1_107' title='bbox 3019 1880 3136 1957; x_wconf 88' lang='lat' dir='ltr'><strong>sua</strong></span> <span class='ocrx_word' id='word_1_108' title='bbox 3159 1930 3181 1967; x_wconf 89' lang='lat'>‚</span> <span class='ocrx_word' id='word_1_109' title='bbox 3237 1882 3399 1957; x_wconf 91' lang='lat' dir='ltr'><strong>dein</strong></span> <span class='ocrx_word' id='word_1_110' title='bbox 3419 1888 3558 1983; x_wconf 85' lang='lat' dir='ltr'><strong>Ju-</strong></span> 
     </span>
     <span class='ocr_line' id='line_1_14' title="bbox 835 1977 3561 2077; baseline 0.001 -28"><span class='ocrx_word' id='word_1_111' title='bbox 835 1999 1351 2068; x_wconf 66' lang='lat' dir='ltr'><strong>ncuNmr-Arn</strong></span> <span class='ocrx_word' id='word_1_112' title='bbox 1381 2026 1404 2063; x_wconf 88' lang='lat'><strong>,</strong></span> <span class='ocrx_word' id='word_1_113' title='bbox 1457 1978 1689 2077; x_wconf 88' lang='lat' dir='ltr'><strong>postca</strong></span> <span class='ocrx_word' id='word_1_114' title='bbox 1723 1984 2304 2061; x_wconf 61' lang='lat' dir='ltr'><strong>Saserna-ra,</strong></span> <span class='ocrx_word' id='word_1_115' title='bbox 2358 1980 2433 2051; x_wconf 88' lang='lat'>&amp;</span> <span class='ocrx_word' id='word_1_116' title='bbox 2465 1977 2770 2077; x_wconf 90' lang='lat' dir='ltr'><strong>denique</strong></span> <span class='ocrx_word' id='word_1_117' title='bbox 2806 1981 3324 2066; x_wconf 62' lang='grc' dir='ltr'><strong>Πτηιτᾼτιε,</strong></span> <span class='ocrx_word' id='word_1_118' title='bbox 3408 1983 3561 2053; x_wconf 87' lang='lat' dir='ltr'><strong>uic-</strong></span> 
     </span>
     <span class='ocr_line' id='line_1_15' title="bbox 921 2004 3560 2176; baseline 0.003 -31"><span class='ocrx_word' id='word_1_119' title='bbox 921 2075 1048 2146; x_wconf 89' lang='lat' dir='ltr'><strong>uid</strong></span> <span class='ocrx_word' id='word_1_120' title='bbox 1084 2075 1253 2152; x_wconf 88' lang='lat' dir='ltr'><strong>alibi</strong></span> <span class='ocrx_word' id='word_1_121' title='bbox 1291 2078 1438 2152; x_wconf 91' lang='lat' dir='ltr'><strong>veri</strong></span> <span class='ocrx_word' id='word_1_122' title='bbox 1474 2079 1774 2152; x_wconf 85' lang='lat' dir='ltr'><strong>cernitur</strong></span> <span class='ocrx_word' id='word_1_123' title='bbox 1817 2068 2156 2148; x_wconf 90' lang='lat' dir='ltr'><strong>immenso</strong></span> <span class='ocrx_word' id='word_1_124' title='bbox 2192 2073 2710 2176; x_wconf 81' lang='lat' dir='ltr'><strong>propemodum</strong></span> <span class='ocrx_word' id='word_1_125' title='bbox 2750 2075 3118 2153; x_wconf 90' lang='lat' dir='ltr'><strong>intervallo</strong></span> <span class='ocrx_word' id='word_1_126' title='bbox 3150 2102 3245 2176; x_wconf 95' lang='lat' dir='ltr'><strong>po</strong></span> <span class='ocrx_word' id='word_1_127' title='bbox 3339 2004 3409 2152; x_wconf 55' lang='lat' dir='ltr'><strong>lae</strong></span> <span class='ocrx_word' id='word_1_128' title='bbox 3447 2098 3560 2152; x_wconf 88' lang='lat' dir='ltr'><strong>re-</strong></span> 
     </span>
    </p>

    <p class='ocr_par' dir='ltr' id='par_1_4' title="bbox 828 2193 3622 4792">
     <span class='ocr_line' id='line_1_16' title="bbox 847 2195 1204 2248; baseline 0.006 -6"><span class='ocrx_word' id='word_1_129' title='bbox 847 2195 852 2206; x_wconf 95' lang='lat'>·</span> <span class='ocrx_word' id='word_1_130' title='bbox 1015 2195 1204 2248; x_wconf 86' lang='lat' dir='ltr'><strong>uere.</strong></span> 
     </span>
     <span class='ocr_line' id='line_1_17' title="bbox 828 2193 3567 2370; baseline 0.001 -30"><span class='ocrx_word' id='word_1_131' title='bbox 828 2223 862 2370; x_wconf 57' lang='grc' dir='ltr'><strong>Ι,</strong></span> <span class='ocrx_word' id='word_1_132' title='bbox 963 2193 1017 2270; x_wconf 73' lang='lat' dir='ltr'>q</span> <span class='ocrx_word' id='word_1_133' title='bbox 1055 2273 1346 2345; x_wconf 83' lang='lat' dir='ltr'><strong>Caeterae</strong></span> <span class='ocrx_word' id='word_1_134' title='bbox 1366 2262 1783 2368; x_wconf 83' lang='lat' dir='ltr'><strong>disciplinae,</strong></span> <span class='ocrx_word' id='word_1_135' title='bbox 1820 2266 2118 2343; x_wconf 73' lang='lat' dir='ltr'><strong>seientiae</strong></span> <span class='ocrx_word' id='word_1_136' title='bbox 2145 2258 2461 2363; x_wconf 81' lang='lat' dir='ltr'><strong>artesque</strong></span> <span class='ocrx_word' id='word_1_137' title='bbox 2499 2291 2742 2343; x_wconf 87' lang='lat' dir='ltr'><strong>omnes</strong></span> <span class='ocrx_word' id='word_1_138' title='bbox 2776 2270 2870 2344; x_wconf 90' lang='lat' dir='ltr'><strong>ita</strong></span> <span class='ocrx_word' id='word_1_139' title='bbox 2908 2291 3318 2370; x_wconf 86' lang='lat' dir='ltr'><strong>comparatae</strong></span> <span class='ocrx_word' id='word_1_140' title='bbox 3362 2264 3516 2343; x_wconf 92' lang='lat' dir='ltr'><strong>sunt</strong></span> <span class='ocrx_word' id='word_1_141' title='bbox 3529 2280 3567 2357; x_wconf 81' lang='grc'><strong>.“</strong></span> 
     </span>
     <span class='ocr_line' id='line_1_18' title="bbox 828 2361 3562 2468; baseline 0.001 -32"><span class='ocrx_word' id='word_1_142' title='bbox 828 2381 948 2468; x_wconf 72' lang='lat' dir='ltr'><strong>¹m:</strong></span> <span class='ocrx_word' id='word_1_143' title='bbox 983 2366 1182 2461; x_wconf 91' lang='lat' dir='ltr'><strong>quod</strong></span> <span class='ocrx_word' id='word_1_144' title='bbox 1218 2369 1289 2439; x_wconf 92' lang='lat' dir='ltr'><strong>in</strong></span> <span class='ocrx_word' id='word_1_145' title='bbox 1315 2390 1598 2466; x_wconf 91' lang='lat' dir='ltr'><strong>quaque</strong></span> <span class='ocrx_word' id='word_1_146' title='bbox 1634 2369 1780 2440; x_wconf 91' lang='lat' dir='ltr'><strong>veri</strong></span> <span class='ocrx_word' id='word_1_147' title='bbox 1819 2365 1914 2444; x_wconf 86' lang='lat' dir='ltr'><strong>est</strong></span> <span class='ocrx_word' id='word_1_148' title='bbox 1935 2361 2276 2462; x_wconf 87' lang='lat' dir='ltr'><strong>sagacium</strong></span> <span class='ocrx_word' id='word_1_149' title='bbox 2301 2364 2375 2434; x_wconf 89' lang='lat' dir='ltr'><strong>in</strong></span> <span class='ocrx_word' id='word_1_150' title='bbox 2427 2365 2738 2439; x_wconf 93' lang='lat' dir='ltr'><strong>eniorum</strong></span> <span class='ocrx_word' id='word_1_151' title='bbox 2765 2366 3087 2441; x_wconf 89' lang='lat' dir='ltr'><strong>industria</strong></span> <span class='ocrx_word' id='word_1_152' title='bbox 3107 2367 3425 2448; x_wconf 88' lang='lat' dir='ltr'><strong>inveniri,</strong></span> <span class='ocrx_word' id='word_1_153' title='bbox 3452 2369 3562 2438; x_wconf 89' lang='lat' dir='ltr'><strong>in·-</strong></span> 
     </span>
     <span class='ocr_line' id='line_1_19' title="bbox 859 2458 3562 2562; baseline 0.001 -30"><span class='ocrx_word' id='word_1_154' title='bbox 859 2479 1155 2535; x_wconf 75' lang='lat' dir='ltr'><strong>ventum</strong></span> <span class='ocrx_word' id='word_1_155' title='bbox 1180 2486 1494 2539; x_wconf 90' lang='lat' dir='ltr'><strong>accurato</strong></span> <span class='ocrx_word' id='word_1_156' title='bbox 1531 2458 1841 2537; x_wconf 85' lang='lat' dir='ltr'><strong>sermone</strong></span> <span class='ocrx_word' id='word_1_157' title='bbox 1880 2464 2186 2557; x_wconf 88' lang='lat' dir='ltr'><strong>exponi,</strong></span> <span class='ocrx_word' id='word_1_158' title='bbox 2240 2462 2315 2533; x_wconf 70' lang='grc' dir='ltr'><strong>ὃ(</strong></span> <span class='ocrx_word' id='word_1_159' title='bbox 2342 2484 2380 2531; x_wconf 87' lang='lat' dir='ltr'><strong>a</strong></span> <span class='ocrx_word' id='word_1_160' title='bbox 2452 2465 2777 2535; x_wconf 89' lang='lat' dir='ltr'><strong>omnibus</strong></span> <span class='ocrx_word' id='word_1_161' title='bbox 2805 2468 3091 2561; x_wconf 90' lang='lat' dir='ltr'><strong>quinon</strong></span> <span class='ocrx_word' id='word_1_162' title='bbox 3125 2460 3396 2562; x_wconf 86' lang='lat' dir='ltr'><strong>prorsus</strong></span> <span class='ocrx_word' id='word_1_163' title='bbox 3416 2460 3562 2536; x_wconf 88' lang='lat' dir='ltr'><strong>sto·-</strong></span> 
     </span>
     <span class='ocr_line' id='line_1_20' title="bbox 828 2513 3562 2666; baseline 0.002 -38"><span class='ocrx_word' id='word_1_164' title='bbox 828 2513 994 2666; x_wconf 50' lang='lat' dir='ltr'><strong>ssidi</strong></span> <span class='ocrx_word' id='word_1_165' title='bbox 1037 2554 1232 2642; x_wconf 86' lang='lat' dir='ltr'><strong>sunt,</strong></span> <span class='ocrx_word' id='word_1_166' title='bbox 1285 2559 1505 2633; x_wconf 89' lang='lat' dir='ltr'><strong>modo</strong></span> <span class='ocrx_word' id='word_1_167' title='bbox 1545 2562 1851 2633; x_wconf 87' lang='lat' dir='ltr'><strong>animum</strong></span> <span class='ocrx_word' id='word_1_168' title='bbox 1905 2559 2323 2631; x_wconf 86' lang='lat' dir='ltr'><strong>adverterint</strong></span> <span class='ocrx_word' id='word_1_169' title='bbox 2348 2601 2371 2638; x_wconf 87' lang='lat'><strong>,</strong></span> <span class='ocrx_word' id='word_1_170' title='bbox 2426 2561 2683 2655; x_wconf 86' lang='lat' dir='ltr'><strong>percipi</strong></span> <span class='ocrx_word' id='word_1_171' title='bbox 2730 2561 2805 2632; x_wconf 86' lang='lat'>&amp;</span> <span class='ocrx_word' id='word_1_172' title='bbox 2840 2565 2912 2635; x_wconf 92' lang='lat' dir='ltr'><strong>in</strong></span> <span class='ocrx_word' id='word_1_173' title='bbox 2948 2558 3108 2634; x_wconf 89' lang='lat' dir='ltr'><strong>usus</strong></span> <span class='ocrx_word' id='word_1_174' title='bbox 3146 2559 3303 2635; x_wconf 86' lang='lat' dir='ltr'><strong>suos</strong></span> <span class='ocrx_word' id='word_1_175' title='bbox 3339 2580 3562 2633; x_wconf 84' lang='lat' dir='ltr'><strong>trans·-</strong></span> 
     </span>
     <span class='ocr_line' id='line_1_21' title="bbox 828 2649 3557 2764; baseline 0.002 -38"><span class='ocrx_word' id='word_1_176' title='bbox 828 2651 1028 2764; x_wconf 55' lang='grc' dir='ltr'><strong>ήῆηι·</strong></span> <span class='ocrx_word' id='word_1_177' title='bbox 1060 2680 1296 2751; x_wconf 89' lang='lat' dir='ltr'><strong>queat.</strong></span> <span class='ocrx_word' id='word_1_178' title='bbox 1399 2661 1497 2729; x_wconf 86' lang='lat' dir='ltr'><strong>At</strong></span> <span class='ocrx_word' id='word_1_179' title='bbox 1531 2655 1892 2754; x_wconf 87' lang='lat' dir='ltr'><strong>Evangelii</strong></span> <span class='ocrx_word' id='word_1_180' title='bbox 1929 2678 2168 2728; x_wconf 89' lang='lat' dir='ltr'><strong>arcana</strong></span> <span class='ocrx_word' id='word_1_181' title='bbox 2203 2675 2348 2726; x_wconf 89' lang='lat' dir='ltr'><strong>tam</strong></span> <span class='ocrx_word' id='word_1_182' title='bbox 2382 2649 2535 2726; x_wconf 90' lang='lat' dir='ltr'><strong>sunt</strong></span> <span class='ocrx_word' id='word_1_183' title='bbox 2560 2654 2879 2731; x_wconf 87' lang='lat' dir='ltr'><strong>humanis</strong></span> <span class='ocrx_word' id='word_1_184' title='bbox 2900 2659 3245 2732; x_wconf 88' lang='lat' dir='ltr'><strong>mentibus</strong></span> <span class='ocrx_word' id='word_1_185' title='bbox 3272 2666 3557 2731; x_wconf 66' lang='lat' dir='ltr'><strong>Imm·-</strong></span> 
     </span>
     <span class='ocr_line' id='line_1_22' title="bbox 828 2749 3565 2853; baseline 0.001 -29"><span class='ocrx_word' id='word_1_186' title='bbox 828 2773 1438 2838; x_wconf 64' lang='lat' dir='ltr'><strong>„vasrmamma</strong></span> <span class='ocrx_word' id='word_1_187' title='bbox 1466 2798 1491 2835; x_wconf 83' lang='lat'>‚</span> <span class='ocrx_word' id='word_1_188' title='bbox 1544 2774 1625 2825; x_wconf 92' lang='lat' dir='ltr'><strong>ut</strong></span> <span class='ocrx_word' id='word_1_189' title='bbox 1659 2777 1748 2826; x_wconf 88' lang='lat' dir='ltr'><strong>ne</strong></span> <span class='ocrx_word' id='word_1_190' title='bbox 1770 2774 1811 2823; x_wconf 89' lang='lat' dir='ltr'><strong>a</strong></span> <span class='ocrx_word' id='word_1_191' title='bbox 1847 2749 2229 2826; x_wconf 83' lang='lat' dir='ltr'><strong>coelestibus</strong></span> <span class='ocrx_word' id='word_1_192' title='bbox 2303 2751 2541 2822; x_wconf 88' lang='lat' dir='ltr'><strong>uidem</strong></span> <span class='ocrx_word' id='word_1_193' title='bbox 2577 2753 2799 2850; x_wconf 88' lang='lat' dir='ltr'><strong>geniis</strong></span> <span class='ocrx_word' id='word_1_194' title='bbox 2835 2757 3143 2852; x_wconf 89' lang='lat' dir='ltr'><strong>primum</strong></span> <span class='ocrx_word' id='word_1_195' title='bbox 3178 2755 3565 2853; x_wconf 83' lang='lat' dir='ltr'><strong>excogitari</strong></span> 
     </span>
     <span class='ocr_line' id='line_1_23' title="bbox 828 2841 3566 2950; baseline 0.002 -30"><span class='ocrx_word' id='word_1_196' title='bbox 828 2841 864 2864; x_wconf 77' lang='lat'><strong>&#39;⁸</strong></span> <span class='ocrx_word' id='word_1_197' title='bbox 917 2853 1265 2935; x_wconf 88' lang='lat' dir='ltr'><strong>otuerint,</strong></span> <span class='ocrx_word' id='word_1_198' title='bbox 1319 2853 1394 2925; x_wconf 88' lang='lat'>&amp;</span> <span class='ocrx_word' id='word_1_199' title='bbox 1423 2849 1788 2949; x_wconf 87' lang='lat' dir='ltr'><strong>postquam</strong></span> <span class='ocrx_word' id='word_1_200' title='bbox 1817 2872 1858 2921; x_wconf 89' lang='lat' dir='ltr'><strong>a</strong></span> <span class='ocrx_word' id='word_1_201' title='bbox 1894 2853 2056 2922; x_wconf 89' lang='lat' dir='ltr'><strong>Deo</strong></span> <span class='ocrx_word' id='word_1_202' title='bbox 2093 2871 2253 2922; x_wconf 89' lang='lat' dir='ltr'><strong>reve</strong></span> <span class='ocrx_word' id='word_1_203' title='bbox 2281 2868 2391 2919; x_wconf 87' lang='lat' dir='ltr'><strong>ata</strong></span> <span class='ocrx_word' id='word_1_204' title='bbox 2413 2891 2440 2932; x_wconf 86' lang='lat'>‚</span> <span class='ocrx_word' id='word_1_205' title='bbox 2512 2846 3072 2949; x_wconf 74' lang='lat' dir='ltr'><strong>propheticisque</strong></span> <span class='ocrx_word' id='word_1_206' title='bbox 3109 2873 3320 2950; x_wconf 90' lang='lat' dir='ltr'><strong>atque</strong></span> <span class='ocrx_word' id='word_1_207' title='bbox 3362 2856 3566 2949; x_wconf 82' lang='lat' dir='ltr'><strong>Apo·-</strong></span> 
     </span>
     <span class='ocr_line' id='line_1_24' title="bbox 828 2869 3622 3064; baseline -0 -43"><span class='ocrx_word' id='word_1_208' title='bbox 828 2869 1122 3064; x_wconf 46' lang='lat' dir='ltr'><strong>ssolicis</strong></span> <span class='ocrx_word' id='word_1_209' title='bbox 1158 2945 1425 3046; x_wconf 90' lang='lat' dir='ltr'><strong>scriptis</strong></span> <span class='ocrx_word' id='word_1_210' title='bbox 1464 2943 1895 3045; x_wconf 78' lang='lat' dir='ltr'><strong>consignata,</strong></span> <span class='ocrx_word' id='word_1_211' title='bbox 1947 2964 2067 3017; x_wconf 90' lang='lat' dir='ltr'><strong>aut</strong></span> <span class='ocrx_word' id='word_1_212' title='bbox 2087 2945 2245 3018; x_wconf 87' lang='lat' dir='ltr'><strong>viva</strong></span> <span class='ocrx_word' id='word_1_213' title='bbox 2269 2945 2480 3017; x_wconf 89' lang='lat' dir='ltr'><strong>etiam</strong></span> <span class='ocrx_word' id='word_1_214' title='bbox 2518 2969 2694 3018; x_wconf 90' lang='lat' dir='ltr'><strong>voce</strong></span> <span class='ocrx_word' id='word_1_215' title='bbox 2730 2946 3097 3046; x_wconf 76' lang='lat' dir='ltr'><strong>praedicata</strong></span> <span class='ocrx_word' id='word_1_216' title='bbox 3131 2945 3325 3033; x_wconf 88' lang='lat' dir='ltr'><strong>sunt,</strong></span> <span class='ocrx_word' id='word_1_217' title='bbox 3376 2971 3564 3021; x_wconf 86' lang='lat' dir='ltr'><strong>ane·</strong></span> <span class='ocrx_word' id='word_1_218' title='bbox 3604 2961 3622 2980; x_wconf 85' lang='lat'>‘</span> 
     </span>
     <span class='ocr_line' id='line_1_25' title="bbox 945 3039 3563 3145; baseline 0 -27"><span class='ocrx_word' id='word_1_219' title='bbox 945 3043 1054 3118; x_wconf 80' lang='lat' dir='ltr'><strong>‘ne</strong></span> <span class='ocrx_word' id='word_1_220' title='bbox 1088 3046 1489 3120; x_wconf 88' lang='lat' dir='ltr'><strong>mortalium</strong></span> <span class='ocrx_word' id='word_1_221' title='bbox 1515 3045 1644 3117; x_wconf 88' lang='lat' dir='ltr'><strong>rite</strong></span> <span class='ocrx_word' id='word_1_222' title='bbox 1675 3063 1887 3141; x_wconf 89' lang='lat' dir='ltr'><strong>atque</strong></span> <span class='ocrx_word' id='word_1_223' title='bbox 1924 3039 2302 3118; x_wconf 84' lang='lat' dir='ltr'><strong>salutariter</strong></span> <span class='ocrx_word' id='word_1_224' title='bbox 2324 3041 2797 3141; x_wconf 83' lang='lat' dir='ltr'><strong>intelligantur</strong></span> <span class='ocrx_word' id='word_1_225' title='bbox 2820 3090 2845 3129; x_wconf 87' lang='lat'>‚</span> <span class='ocrx_word' id='word_1_226' title='bbox 2896 3046 3007 3120; x_wconf 89' lang='lat' dir='ltr'><strong>cui</strong></span> <span class='ocrx_word' id='word_1_227' title='bbox 3045 3068 3186 3119; x_wconf 88' lang='lat' dir='ltr'><strong>non</strong></span> <span class='ocrx_word' id='word_1_228' title='bbox 3238 3040 3563 3145; x_wconf 77' lang='lat' dir='ltr'><strong>singulari</strong></span> 
     </span>
     <span class='ocr_line' id='line_1_26' title="bbox 828 3065 3563 3314; baseline 0 -102"><span class='ocrx_word' id='word_1_229' title='bbox 828 3065 1005 3314; x_wconf 57' lang='grc' dir='ltr'>ἓί</span> <span class='ocrx_word' id='word_1_230' title='bbox 1045 3141 1237 3217; x_wconf 89' lang='lat' dir='ltr'><strong>dono</strong></span> <span class='ocrx_word' id='word_1_231' title='bbox 1265 3165 1448 3216; x_wconf 88' lang='lat' dir='ltr'><strong>nova</strong></span> <span class='ocrx_word' id='word_1_232' title='bbox 1477 3165 1674 3214; x_wconf 87' lang='lat' dir='ltr'><strong>mens</strong></span> <span class='ocrx_word' id='word_1_233' title='bbox 1712 3138 2028 3222; x_wconf 84' lang='lat' dir='ltr'><strong>indatur,</strong></span> <span class='ocrx_word' id='word_1_234' title='bbox 2083 3163 2242 3237; x_wconf 80' lang='lat' dir='ltr'><strong>quae</strong></span> <span class='ocrx_word' id='word_1_235' title='bbox 2262 3135 2410 3214; x_wconf 92' lang='lat' dir='ltr'><strong>sola</strong></span> <span class='ocrx_word' id='word_1_236' title='bbox 2434 3135 2891 3239; x_wconf 88' lang='lat' dir='ltr'><strong>spiritualium</strong></span> <span class='ocrx_word' id='word_1_237' title='bbox 2915 3165 2992 3214; x_wconf 88' lang='lat' dir='ltr'><strong>ac</strong></span> <span class='ocrx_word' id='word_1_238' title='bbox 3034 3141 3409 3216; x_wconf 81' lang='lat' dir='ltr'><strong>coelestium</strong></span> <span class='ocrx_word' id='word_1_239' title='bbox 3449 3164 3563 3215; x_wconf 88' lang='lat' dir='ltr'><strong>re-</strong></span> 
     </span>
     <span class='ocr_line' id='line_1_27' title="bbox 942 3235 3561 3338; baseline -0 -27"><span class='ocrx_word' id='word_1_240' title='bbox 942 3263 1016 3311; x_wconf 92' lang='lat' dir='ltr'><strong>m</strong></span> <span class='ocrx_word' id='word_1_241' title='bbox 1054 3264 1269 3338; x_wconf 85' lang='lat' dir='ltr'><strong>capax</strong></span> <span class='ocrx_word' id='word_1_242' title='bbox 1305 3237 1424 3316; x_wconf 88' lang='lat' dir='ltr'><strong>est.</strong></span> <span class='ocrx_word' id='word_1_243' title='bbox 1523 3243 1700 3313; x_wconf 87' lang='lat' dir='ltr'><strong>Sunt</strong></span> <span class='ocrx_word' id='word_1_244' title='bbox 1751 3239 1939 3313; x_wconf 92' lang='lat' dir='ltr'><strong>enim</strong></span> <span class='ocrx_word' id='word_1_245' title='bbox 1969 3235 2135 3312; x_wconf 88' lang='lat' dir='ltr'><strong>talia</strong></span> <span class='ocrx_word' id='word_1_246' title='bbox 2193 3260 2274 3309; x_wconf 92' lang='lat' dir='ltr'><strong>ut</strong></span> <span class='ocrx_word' id='word_1_247' title='bbox 2314 3261 2542 3334; x_wconf 90' lang='lat' dir='ltr'><strong>neque</strong></span> <span class='ocrx_word' id='word_1_248' title='bbox 2579 3239 2825 3313; x_wconf 86' lang='lat' dir='ltr'><strong>oculus</strong></span> <span class='ocrx_word' id='word_1_249' title='bbox 2866 3263 2946 3312; x_wconf 92' lang='lat' dir='ltr'><strong>ea</strong></span> <span class='ocrx_word' id='word_1_250' title='bbox 2977 3239 3277 3322; x_wconf 83' lang='lat' dir='ltr'><strong>viderit,</strong></span> <span class='ocrx_word' id='word_1_251' title='bbox 3328 3259 3561 3333; x_wconf 90' lang='lat' dir='ltr'><strong>neque</strong></span> 
     </span>
     <span class='ocr_line' id='line_1_28' title="bbox 828 3311 3558 3433; baseline -0.002 -22"><span class='ocrx_word' id='word_1_252' title='bbox 828 3311 860 3364; x_wconf 49' lang='grc' dir='ltr'><strong>Β</strong></span> <span class='ocrx_word' id='word_1_253' title='bbox 957 3337 1052 3411; x_wconf 86' lang='lat' dir='ltr'><strong>ris</strong></span> <span class='ocrx_word' id='word_1_254' title='bbox 1084 3336 1426 3410; x_wconf 90' lang='lat' dir='ltr'><strong>audiverit</strong></span> <span class='ocrx_word' id='word_1_255' title='bbox 1461 3387 1485 3420; x_wconf 90' lang='lat'><strong>,</strong></span> <span class='ocrx_word' id='word_1_256' title='bbox 1533 3359 1762 3433; x_wconf 89' lang='lat' dir='ltr'><strong>neque</strong></span> <span class='ocrx_word' id='word_1_257' title='bbox 1796 3335 1928 3410; x_wconf 89' lang='lat' dir='ltr'><strong>ulli</strong></span> <span class='ocrx_word' id='word_1_258' title='bbox 1962 3356 2272 3431; x_wconf 89' lang='lat' dir='ltr'><strong>unquam</strong></span> <span class='ocrx_word' id='word_1_259' title='bbox 2306 3334 2708 3407; x_wconf 86' lang='lat' dir='ltr'><strong>mortalium</strong></span> <span class='ocrx_word' id='word_1_260' title='bbox 2745 3338 2818 3410; x_wconf 90' lang='lat' dir='ltr'><strong>in</strong></span> <span class='ocrx_word' id='word_1_261' title='bbox 2854 3358 3158 3408; x_wconf 91' lang='lat' dir='ltr'><strong>mentem</strong></span> <span class='ocrx_word' id='word_1_262' title='bbox 3201 3335 3558 3416; x_wconf 81' lang='lat' dir='ltr'><strong>venerint,</strong></span> 
     </span>
     <span class='ocr_line' id='line_1_29' title="bbox 828 3355 3562 3531; baseline -0.002 -21"><span class='ocrx_word' id='word_1_263' title='bbox 828 3355 1199 3531; x_wconf 44' lang='lat' dir='ltr'><strong>&amp;usque</strong></span> <span class='ocrx_word' id='word_1_264' title='bbox 1247 3429 1436 3506; x_wconf 88' lang='lat' dir='ltr'><strong>solus</strong></span> <span class='ocrx_word' id='word_1_265' title='bbox 1477 3457 1557 3504; x_wconf 84' lang='lat' dir='ltr'><strong>ea</strong></span> <span class='ocrx_word' id='word_1_266' title='bbox 1587 3451 1851 3528; x_wconf 88' lang='lat' dir='ltr'><strong>retegat</strong></span> <span class='ocrx_word' id='word_1_267' title='bbox 1906 3455 2029 3527; x_wconf 87' lang='lat' dir='ltr'><strong>per</strong></span> <span class='ocrx_word' id='word_1_268' title='bbox 2069 3431 2402 3528; x_wconf 89' lang='lat' dir='ltr'><strong>Spiritum</strong></span> <span class='ocrx_word' id='word_1_269' title='bbox 2440 3427 2664 3503; x_wconf 88' lang='lat' dir='ltr'><strong>suum.</strong></span> <span class='ocrx_word' id='word_1_270' title='bbox 2789 3432 2907 3503; x_wconf 84' lang='lat' dir='ltr'><strong>Ad</strong></span> <span class='ocrx_word' id='word_1_271' title='bbox 2946 3428 3562 3528; x_wconf 81' lang='lat' dir='ltr'><strong>incomparabilem</strong></span> 
     </span>
     <span class='ocr_line' id='line_1_30' title="bbox 828 3515 3558 3792; baseline -0.004 -88"><span class='ocrx_word' id='word_1_272' title='bbox 828 3515 3558 3792; x_wconf 50' lang='lat' dir='ltr'><strong>&amp;fratrs{stur“12:2221522222332211135220⁶2:ssss’szssss”03212535</strong></span> 
     </span>
     <span class='ocr_line' id='line_1_31' title="bbox 845 3659 3557 3707; baseline -0 -11"><span class='ocrx_word' id='word_1_273' title='bbox 845 3687 851 3696; x_wconf 95' lang='grc'>.</span> <span class='ocrx_word' id='word_1_274' title='bbox 1241 3670 1264 3707; x_wconf 72' lang='grc'><strong>,</strong></span> <span class='ocrx_word' id='word_1_275' title='bbox 1609 3671 1630 3695; x_wconf 79' lang='grc' dir='ltr'><strong><em>ο</em></strong></span> <span class='ocrx_word' id='word_1_276' title='bbox 2589 3665 2614 3702; x_wconf 64' lang='grc'><strong>9</strong></span> <span class='ocrx_word' id='word_1_277' title='bbox 3148 3670 3173 3707; x_wconf 65' lang='lat'><em>2</em></span> <span class='ocrx_word' id='word_1_278' title='bbox 3519 3659 3557 3684; x_wconf 61' lang='lat'><strong><em>⁴</em></strong></span> 
     </span>
     <span class='ocr_line' id='line_1_32' title="bbox 828 3711 3560 3915; baseline -0.009 -13"><span class='ocrx_word' id='word_1_279' title='bbox 828 3711 2983 3915; x_wconf 42' lang='lat' dir='ltr'><strong>{aazg‘ssstuaztzzzzffaefflszzhzarami}²</strong></span> <span class='ocrx_word' id='word_1_280' title='bbox 3003 3745 3127 3891; x_wconf 59' lang='lat' dir='ltr'><strong>saza</strong></span> <span class='ocrx_word' id='word_1_281' title='bbox 3153 3718 3560 3890; x_wconf 48' lang='lat' dir='ltr'><strong>amir:</strong></span> 
     </span>
     <span class='ocr_line' id='line_1_33' title="bbox 828 3903 3556 4050; baseline -0.003 -58"><span class='ocrx_word' id='word_1_282' title='bbox 828 3903 1058 4050; x_wconf 43' lang='lat' dir='ltr'><strong>ssmii</strong></span> <span class='ocrx_word' id='word_1_283' title='bbox 1098 3916 1415 3988; x_wconf 91' lang='lat' dir='ltr'><strong>acumine</strong></span> <span class='ocrx_word' id='word_1_284' title='bbox 1451 3939 1530 3990; x_wconf 86' lang='lat' dir='ltr'><strong>ac</strong></span> <span class='ocrx_word' id='word_1_285' title='bbox 1570 3913 1942 4015; x_wconf 87' lang='lat' dir='ltr'><strong>multiplici</strong></span> <span class='ocrx_word' id='word_1_286' title='bbox 1979 3913 2367 3987; x_wconf 90' lang='lat' dir='ltr'><strong>eruditione</strong></span> <span class='ocrx_word' id='word_1_287' title='bbox 2402 3907 2728 4012; x_wconf 90' lang='lat' dir='ltr'><strong>superbi:</strong></span> <span class='ocrx_word' id='word_1_288' title='bbox 2782 3939 2867 3987; x_wconf 85' lang='lat' dir='ltr'><strong>ex</strong></span> <span class='ocrx_word' id='word_1_289' title='bbox 2922 3938 3213 3990; x_wconf 77' lang='lat' dir='ltr'><strong>oriantur</strong></span> <span class='ocrx_word' id='word_1_290' title='bbox 3235 3916 3319 3987; x_wconf 88' lang='lat' dir='ltr'><strong>iis</strong></span> <span class='ocrx_word' id='word_1_291' title='bbox 3337 3909 3556 3987; x_wconf 88' lang='lat' dir='ltr'><strong>secre-</strong></span> 
     </span>
     <span class='ocr_line' id='line_1_34' title="bbox 895 4005 3557 4112; baseline -0.003 -23"><span class='ocrx_word' id='word_1_292' title='bbox 895 4034 1040 4089; x_wconf 86' lang='lat' dir='ltr'><strong>ora</strong></span> <span class='ocrx_word' id='word_1_293' title='bbox 1074 4011 1435 4111; x_wconf 85' lang='lat' dir='ltr'><strong>Evangelii</strong></span> <span class='ocrx_word' id='word_1_294' title='bbox 1468 4010 1717 4112; x_wconf 86' lang='lat' dir='ltr'><strong>placita</strong></span> <span class='ocrx_word' id='word_1_295' title='bbox 1739 4058 1763 4096; x_wconf 83' lang='lat'>,</span> <span class='ocrx_word' id='word_1_296' title='bbox 1818 4009 2209 4087; x_wconf 90' lang='lat' dir='ltr'><strong>fatebuntur</strong></span> <span class='ocrx_word' id='word_1_297' title='bbox 2253 4030 2375 4084; x_wconf 90' lang='lat' dir='ltr'><strong>aut</strong></span> <span class='ocrx_word' id='word_1_298' title='bbox 2423 4005 2814 4085; x_wconf 89' lang='lat' dir='ltr'><strong>scandalum</strong></span> <span class='ocrx_word' id='word_1_299' title='bbox 2874 4013 2968 4086; x_wconf 84' lang='lat' dir='ltr'><strong>1bi</strong></span> <span class='ocrx_word' id='word_1_300' title='bbox 3006 4009 3135 4084; x_wconf 83' lang='lat' dir='ltr'><strong>effe</strong></span> <span class='ocrx_word' id='word_1_301' title='bbox 3172 4031 3293 4085; x_wconf 90' lang='lat' dir='ltr'><strong>aut</strong></span> <span class='ocrx_word' id='word_1_302' title='bbox 3333 4007 3557 4084; x_wconf 83' lang='lat' dir='ltr'><strong>stulti·</strong></span> 
     </span>
     <span class='ocr_line' id='line_1_35' title="bbox 952 4107 3555 4208; baseline -0.002 -24"><span class='ocrx_word' id='word_1_303' title='bbox 952 4133 1078 4186; x_wconf 82' lang='lat' dir='ltr'><strong>m:</strong></span> <span class='ocrx_word' id='word_1_304' title='bbox 1131 4132 1273 4183; x_wconf 89' lang='lat' dir='ltr'><strong>non</strong></span> <span class='ocrx_word' id='word_1_305' title='bbox 1316 4107 1829 4205; x_wconf 88' lang='lat' dir='ltr'><strong>deprehendent</strong></span> <span class='ocrx_word' id='word_1_306' title='bbox 1848 4111 1920 4183; x_wconf 91' lang='lat' dir='ltr'><strong>in</strong></span> <span class='ocrx_word' id='word_1_307' title='bbox 1955 4109 2090 4192; x_wconf 85' lang='lat' dir='ltr'><strong>iis,</strong></span> <span class='ocrx_word' id='word_1_308' title='bbox 2143 4132 2326 4208; x_wconf 84' lang='lat' dir='ltr'><strong>quos</strong></span> <span class='ocrx_word' id='word_1_309' title='bbox 2362 4129 2594 4181; x_wconf 89' lang='lat' dir='ltr'><strong>tamen</strong></span> <span class='ocrx_word' id='word_1_310' title='bbox 2617 4107 2871 4206; x_wconf 86' lang='lat' dir='ltr'><strong>Angeli</strong></span> <span class='ocrx_word' id='word_1_311' title='bbox 2906 4107 3224 4208; x_wconf 85' lang='lat' dir='ltr'><strong>stupent,</strong></span> <span class='ocrx_word' id='word_1_312' title='bbox 3274 4108 3555 4181; x_wconf 79' lang='lat' dir='ltr'><strong>Divinae</strong></span> 
     </span>
     <span class='ocr_line' id='line_1_36' title="bbox 831 4199 3556 4384; baseline -0.003 0"><span class='ocrx_word' id='word_1_313' title='bbox 831 4199 3556 4384; x_wconf 48' lang='lat' dir='ltr'><strong>ff}2¹g{ffi,j,22h¹{iffi¹;j‚¹ggufflssuss²„⁸gi{lgssffioesgffiffig‘s‘ffins‘ug‘ggss</strong></span> 
     </span>
     <span class='ocr_line' id='line_1_37' title="bbox 941 4327 3558 4499; baseline -0.001 -25"><span class='ocrx_word' id='word_1_314' title='bbox 941 4423 1332 4498; x_wconf 86' lang='lat' dir='ltr'><strong>nceptuum</strong></span> <span class='ocrx_word' id='word_1_315' title='bbox 1349 4399 1535 4472; x_wconf 87' lang='lat' dir='ltr'><strong>ideas</strong></span> <span class='ocrx_word' id='word_1_316' title='bbox 1555 4423 1780 4495; x_wconf 89' lang='lat' dir='ltr'><strong>prave·</strong></span> <span class='ocrx_word' id='word_1_317' title='bbox 1809 4347 2214 4498; x_wconf 59' lang='lat' dir='ltr'><strong>torquentes</strong></span> <span class='ocrx_word' id='word_1_318' title='bbox 2237 4443 2264 4484; x_wconf 79' lang='lat'><strong>,</strong></span> <span class='ocrx_word' id='word_1_319' title='bbox 2313 4421 2459 4472; x_wconf 90' lang='lat' dir='ltr'><strong>non</strong></span> <span class='ocrx_word' id='word_1_320' title='bbox 2497 4417 2869 4496; x_wconf 78' lang='lat' dir='ltr'><strong>conceptus</strong></span> <span class='ocrx_word' id='word_1_321' title='bbox 2894 4393 3053 4474; x_wconf 73' lang='lat' dir='ltr'><strong>suos</strong></span> <span class='ocrx_word' id='word_1_322' title='bbox 3076 4327 3257 4484; x_wconf 72' lang='lat' dir='ltr'><strong>‚quti</strong></span> <span class='ocrx_word' id='word_1_323' title='bbox 3284 4423 3405 4499; x_wconf 90' lang='lat' dir='ltr'><strong>par</strong></span> <span class='ocrx_word' id='word_1_324' title='bbox 3430 4393 3558 4482; x_wconf 77' lang='lat' dir='ltr'><strong>est.</strong></span> 
     </span>
     <span class='ocr_line' id='line_1_38' title="bbox 828 4424 3563 4692; baseline -0.005 -16"><span class='ocrx_word' id='word_1_325' title='bbox 828 4424 2280 4692; x_wconf 52' lang='lat' dir='ltr'><strong>ffmffim‘pfflzbw</strong></span> <span class='ocrx_word' id='word_1_326' title='bbox 2309 4489 3419 4670; x_wconf 43' lang='lat' dir='ltr'><strong>meratenam:</strong></span> <span class='ocrx_word' id='word_1_327' title='bbox 3435 4490 3563 4690; x_wconf 56' lang='grc' dir='ltr'><strong>ἷξε</strong></span> 
     </span>
     <span class='ocr_line' id='line_1_39' title="bbox 828 4615 3561 4792; baseline 0 -28"><span class='ocrx_word' id='word_1_328' title='bbox 828 4685 926 4776; x_wconf 69' lang='grc' dir='ltr'><strong>Εἰι</strong></span> <span class='ocrx_word' id='word_1_329' title='bbox 977 4639 1100 4770; x_wconf 66' lang='lat' dir='ltr'><strong>est.</strong></span> <span class='ocrx_word' id='word_1_330' title='bbox 1199 4637 1620 4790; x_wconf 62' lang='lat' dir='ltr'><strong>Qui&#39;cunque</strong></span> <span class='ocrx_word' id='word_1_331' title='bbox 1653 4691 2048 4768; x_wconf 68' lang='lat' dir='ltr'><strong>unctionem</strong></span> <span class='ocrx_word' id='word_1_332' title='bbox 2089 4615 2349 4766; x_wconf 50' lang='lat' dir='ltr'><strong>habffi</strong></span> <span class='ocrx_word' id='word_1_333' title='bbox 2382 4713 2423 4764; x_wconf 85' lang='lat' dir='ltr'><strong>a</strong></span> <span class='ocrx_word' id='word_1_334' title='bbox 2448 4637 2695 4765; x_wconf 63' lang='lat' dir='ltr'><strong>S&#39;aucto</strong></span> <span class='ocrx_word' id='word_1_335' title='bbox 2732 4685 2871 4770; x_wconf 82' lang='lat' dir='ltr'><strong>illo</strong></span> <span class='ocrx_word' id='word_1_336' title='bbox 2898 4687 3273 4792; x_wconf 68' lang='lat' dir='ltr'><strong>profectam</strong></span> <span class='ocrx_word' id='word_1_337' title='bbox 3304 4733 3333 4776; x_wconf 83' lang='lat'>‚</span> <span class='ocrx_word' id='word_1_338' title='bbox 3388 4709 3561 4787; x_wconf 72' lang='lat' dir='ltr'><strong>quae</strong></span> 
     </span>
    </p>
   </div>
   <div class='ocr_carea' id='block_1_4' title="bbox 3344 4784 3733 4868">
    <p class='ocr_par' dir='ltr' id='par_1_5' title="bbox 3344 4784 3733 4868">
     <span class='ocr_line' id='line_1_40' title="bbox 3344 4784 3733 4868; baseline 0.01 -4"><span class='ocrx_word' id='word_1_339' title='bbox 3344 4784 3559 4864; x_wconf 80' lang='lat' dir='ltr'><strong>docet</strong></span> <span class='ocrx_word' id='word_1_340' title='bbox 3696 4853 3733 4868; x_wconf 82' lang='grc'><strong>-</strong></span> 
     </span>
    </p>
   </div>
  </div>
 </body>
</html>
