4667 5442
513 703 619 814 710
841 686 1063 782 Onarro
1101 682 1290 790 'Inuum
1337 679 1575 777 laruam.

516 849 630 928 suost
654 851 766 952 pretio
781 845 977 926 aestimantis
996 848 1103 924 animi
1118 872 1206 924 vana
1222 845 1405 926 credulitas
1424 873 1437 937 ς
1453 839 1533 922 -sed
1560 843 1651 920 bene
1671 848 1853 924 cernente

517 951 755 1050 intelligentiae
772 945 835 1020 sub
852 947 940 1021 clare
959 943 1128 1046 perspesia
1146 947 1267 1047 primae
1285 947 1439 1020 veritatis
1467 939 1679 1017 firmitudine
1728 940 1854 1018 encrofi

517 1042 694 1137 subjectio.
745 1044 862 1118 Habet
876 1040 953 1119 sane
964 1042 1106 1120 ccelesiis
1119 1038 1282 1141 sapientia
1297 1067 1415 1118 arcana
1432 1036 1511 1125 sua,
1537 1042 1576 1114 &
1592 1041 1709 1116 inacce
1736 1065 1853 1116 arnen-

366 1165 369 1170 ’
517 1145 610 1218 tibus
631 1143 790 1217 humanis
807 1167 843 1215 m
870 1137 986 1226 steria,
1038 1165 1092 1213 uae
1109 1135 1167 1212 sua
1189 1140 1334 1238 quidem
1350 1141 1386 1212 δι
1402 1138 1506 1238 digna
1526 1141 1607 1209 Deo
1620 1136 1700 1213 luce
1717 1139 1852 1220 radiant,

518 1241 621 1315 nostri
638 1265 753 1313 tamen
770 1165 962 1312 intellectus
979 1163 1129 1334 respectu
1145 1235 1331 1310 venerabili
1343 1232 1420 1309 sunt
1428 1232 1586 1345 involuta
1595 1233 1756 1335 caligine,
1769 1233 1853 1308 nullt

518 1337 692 1436 propioris
703 1337 846 1408 intuitus
863 1330 1053 1408 curiositate
1063 1331 1272 1407 temeranda.
1321 1337 1368 1406 Ea
1384 1356 1456 1405 non
1476 1329 1660 1403 admittere
1684 1327 1748 1404 nifi
1768 1331 1853 1430 prius

520 1434 683 1506 omnibus
702 1428 752 1504 sui
764 1432 916 1528 partibus
936 1431 1135 1530 explorata,
1162 1428 1256 1503 &ad
1266 1423 1435 1502 suetarum
1448 1425 1852 1502 nobis'ratiocinationum

519 1530 645 1604 libram
665 1523 834 1626 expensa,
861 1522 1055 1600 insanientis
1075 1522 1247 1623 sapientiae
1266 1521 1421 1622 superbia
1441 1520 1511 1626 est.¹
1550 1523 1730 1599 Modestia
1748 1545 1851 1598 autem

521 1626 664 1699 homine
682 1621 870 1722 Theologo
888 1624 1013 1723 digna,
1034 1624 1152 1695 omnia
1164 1627 1244 1695 Deo
1254 1624 1297 1695 de
1308 1620 1342 1695 se
1355 1620 1487 1695 testanti
1507 1664 1518 1700 ,
1545 1642 1589 1691 eo
1598 1616 1717 1698 solum
1726 1621 1852 1696 nomina

522 1722 621 1821 quod
639 1719 797 1803 testatur,
825 1720 990 1795 credenda
1008 1714 1071 1791 elle
1089 1715 1221 1793 sciscit:
1252 1717 1347 1809 justis
1365 1711 1517 1817 persuasa
1527 1718 1743 1804 rationibus,
1764 1717 1852 1792 Divi·

519 1817 904 1992 llihls‘fihihs
922 1805 1854 1988 imlsllhhil‘hlih{italiisissll‘fh:

521 2037 597 2086 tum
615 1939 813 2085 excedunt:
840 1960 914 2083 ubi²
927 1940 1062 2094 rllirari,
1082 2033 1153 2082 non
1174 1935 1313 2096 rimsri,
1340 2007 1503 2108 sapientia
1520 2001 1657 2081 summa
1681 2009 1742 2086 eli.
1756 1938 1856 2181 ἒξ

520 2111 626 2182 etiam
645 2105 792 2191 sciendi,
814 2109 1035 2206 quantumvis
1045 2108 1257 2204 caeteroquin
1268 2106 1469 2188 laudabilis,
1496 2103 1669 2189 ambitio,
1689 2105 1778 2182 mod
1821 2107 1828 2122 '

521 2204 568 2280 est
583 2200 880 2281 circumscribenda
891 2202 1061 2277 limitibus
1077 2229 1090 2275 e
1115 2205 1293 2299 multaque
1304 2231 1381 2279 cum
1393 2203 1494 2277 laude
1506 2203 1725 2297 ignorantur,
1736 2201 1780 2277 ad
1789 2221 1858 2302 qut

519 2299 697 2378 scrutanda
709 2326 779 2375 non
792 2297 1043 2374 nisrtemer'ario
1062 2302 1099 2370 δι
1118 2301 1152 2371 in
1172 2299 1295 2374 callum
1314 2299 1464 2376 recasuro
1482 2298 1557 2373 nisu
1577 2295 1747 2399 adspires.
1778 2305 1857 2390 Qu!

521 2423 611 2474 cette
631 2424 701 2474 non
719 2423 761 2470 eo
786 2423 805 2470 a
824 2421 880 2470 me
906 2398 1088 2479 dicuntur,
1115 2416 1155 2468 ut
1173 2395 1365 2496 praesrdium
1382 2397 1438 2473 hit
1458 2392 1518 2469 sibi
1537 2397 1681 2494 ignavia
1703 2399 1856 2472 inveniat.

522 2498 639 2585 Hujus
655 2497 748 2569 enim
766 2497 915 2569 tationes
936 2494 979 2565 ab
1000 2493 1071 2567 illis
1088 2493 1263 2569 modestiae
1282 2497 1392 2596 longo
1407 2493 1592 2568 intervallo
1609 2517 1760 2569 remotae
1776 2489 1856 2567 sunr.

519 2600 604 2671 Non
624 2592 800 2667 advertere
812 2593 948 2666 Divinae
959 2589 1163 2664 institutioni
1180 2594 1355 2675 animum,
1384 2585 1540 2666 consulto
1556 2587 1776 2690 nescirequae
1786 2584 1859 2664 disci

518 2710 634 2764 tamen
651 2711 828 2786 poterant,
856 2685 1084 2763 adscendendi
1104 2685 1222 2763 labore
1242 2689 1441 2764 deterritum
1461 2687 1505 2758 ad
1520 2688 1663 2764 culmen
1684 2714 1755 2764 non
1771 2687 1856 2770 eniti,

515 2782 576 2859 sed
591 2788 625 2857 in
639 2785 857 2860 inferioribus
875 2784 985 2858 otiose
1004 2781 1197 2870 consistere,
1224 2789 1260 2859 in
1271 2786 1395 2860 eodem
1407 2787 1599 2882 primorum
1614 2785 1857 2862 clementorum

519 2884 604 2955 orbe
621 2887 768 2978 repetito
785 2881 975 2955 identidem
995 2905 1083 2980 gyro
1100 2882 1310 2983 circumagi,
1337 2885 1420 2957 &in
1435 2881 1502 2955 hoc
1520 2881 1681 2956 inllituto
1699 2903 1854 2980 tanquam

518 2978 684 3050 tutilhmo
698 2978 1028 3074 prudentissimoque
1042 2975 1100 3049 fibi
1113 2981 1263 3072 placere,
1284 2982 1431 3054 aliorum
1440 3003 1557 3052 autem
1568 3003 1694 3079 magna
1704 2976 1852 3053 industria

516 3073 689 3172 profectus
709 3070 788 3147 suos
806 3077 1027 3173 urgentium,
1056 3078 1093 3147 δι
1110 3073 1296 3152 secundum
1309 3077 1407 3155 Pauli
1420 3079 1658 3150 monitionem
1668 3071 1789 3151 omisso
1800 3073 1854 3172 qui

515 3175 553 3246 in
571 3169 710 3245 Christo
727 3171 829 3243 rudes
839 3170 978 3247 inchoat
998 3167 1153 3247 sermone
1168 3174 1213 3246 ad
1221 3177 1464 3274 perfectionem
1474 3171 1731 3256 anhelantium,
1761 3193 1857 3246 cona·

515 3289 574 3344 cus
591 3263 757 3348 fastidiose
776 3263 947 3352 insectari,
974 3294 1044 3343 non
1071 3267 1117 3346 est
1133 3270 1199 3345 hoc
1222 3319 1234 3358 ,
1263 3271 1437 3371 quidquid
1456 3269 1589 3345 honesti
1607 3272 1754 3344 nominis
1772 3293 1858 3366 prae·

514 3387 677 3449 texatur,
704 3389 774 3440 non
792 3363 841 3440 est
853 3365 941 3450 hoc,
966 3366 1054 3442 mihi
1071 3368 1220 3451 credite,
1249 3369 1458 3452 Auditores,
1484 3367 1672 3442 laudabilis
1684 3363 1854 3447 modestia,

511 3459 571 3538 sed
589 3461 771 3561 culpabilis
789 3459 965 3548 socordia,
993 3465 1247 3544 &damnabilis
1264 3468 1385 3540 inertia
1407 3493 1417 3541 ε
1454 3464 1691 3563 &quidquid
1718 3459 1778 3536 srbi
1798 3461 1855 3536 illc

513 3555 682 3661 segnis-ac
699 3558 930 3639 molestiarum
947 3565 1130 3660 impatiens
1147 3562 1337 3664 plauserit,
1365 3590 1384 3638 a
1403 3565 1563 3636 Domino
1581 3562 1723 3637 tandem
1748 3555 1852 3636 scrvur

513 3656 673 3732 decoslor
692 3683 730 3730 ac
747 3681 898 3755 nequam
915 3660 1043 3736 audiet.

611 3761 658 3827 ht
678 3780 784 3849 quam
805 3759 840 3828 in
857 3751 1039 3840 discendo,
1067 3757 1209 3834 candem
1230 3760 1644 3834 etiaminDOCENDO
1662 3751 1852 3834 modestiam

512 3846 720 3950 Theologus
739 3851 922 3926 adhibeat:
950 3874 1054 3952 atque
1074 3859 1247 3956 imprimis
1267 3860 1461 3932 meminerit
1480 3906 1492 3943 ,
1528 3852 1654 3932 senon
1672 3851 1737 3932 nili
1759 3859 1851 3928 inter·

510 3969 642 4042 precem
665 3952 851 4024 verborum
879 3953 1027 4025 Domini
1052 3948 1140 4043 else,
1167 3956 1294 4052 quibus
1310 3955 1397 4028 nihil
1411 3955 1534 4030 addere
1547 3954 1630 4030 licet
1650 4002 1662 4038 ,
1695 3951 1782 4028 nihil
1797 3955 1851 4030 ‹le-

512 4065 619 4118 mere.
671 4052 811 4121 Summa
823 4047 909 4129 fide,
935 4047 1117 4145 prudentia
1135 4077 1173 4128 ac
1189 4052 1358 4150 religione
1379 4056 1414 4127 in
1431 4051 1612 4128 tractandis
1625 4055 1699 4126 Dei
1718 4053 1852 4130 oraculis

511 4131 714 4218 versandum
727 4144 792 4227 est,
819 4145 949 4244 quibus
966 4145 1009 4219 de
1030 4143 1092 4221 suo
1105 4149 1163 4223 vel
1173 4149 1311 4248 aliunde
1323 4146 1474 4248 haustam
1493 4174 1649 4226 mentem
1660 4150 1794 4236 inferre,
1804 4177 1851 4226 ea·

510 4257 555 4310 ve
565 4242 713 4336 quovis,
740 4242 797 4316 vel
807 4242 995 4329 levissimo,
1014 4265 1176 4344 torquere
1187 4245 1315 4331 modo,
1342 4268 1382 4321 ut
1421 4249 1627 4340 rejudicatis
1636 4242 1851 4347 respondeant

511 4331 778 4448 hypothesibus,
804 4339 899 4416 nefas
915 4365 955 4416 ac
971 4343 1229 4442 propkmodum
1248 4338 1357 4420 scelus
1369 4271 1451 4436 edla
1472 4341 1532 4421 scd
1555 4371 1663 4424 verus
1681 4368 1801 4420 eorum
1816 4369 1848 4420 ae

509 4451 684 4532 genuinus
700 4429 813 4512 sensus
823 4461 868 4514 ex
883 4439 1124 4516 accuratissima
1135 4437 1324 4517 verborum
1333 4441 1494 4520 &rerum
1506 4445 1671 4523 omnium
1681 4465 1725 4516 eo
1735 4441 1849 4520 saticu-

509 4531 601 4607 tium
613 4528 833 4634 indagatione
853 4535 1044 4622 eruendus,
1070 4559 1261 4640 apertoque
1273 4532 1427 4616 sermone
1438 4539 1484 4614 ad
1503 4537 1751 4621 conscientiam
1763 4539 1849 4614 audi·

430 4701 436 4710 .
510 4651 629 4710 torum
643 4627 925 4715 demonstrandus
942 4633 990 4714 cll
1000 4659 1018 4730 ς
1038 4637 1087 4714 ita
1105 4635 1252 4742 quidem
1272 4657 1313 4715 ut
1331 4639 1543 4717 Divinarum
1558 4637 1786 4746 eloquiorum
1804 4633 1847 4712 sr-

1718 4737 1847 4841 pientii,
