4667 5442
648 528 1562 612 orssonrnrronmsronrcn.
1635 479 1638 484 ⁵
1727 538 1801 629 ιμ’

434 739 502 791 nens
514 715 650 819 nnflnii,
674 709 750 788 Col.
764 733 808 791 11.
835 738 870 790 2.
898 710 1049 813 supponit
1064 716 1198 798 indicia,
1223 713 1344 815 quibus
1358 739 1433 791 vera
1447 715 1600 792 revelatio
1615 717 1640 792 it
1655 712 1730 793 ficta
1747 721 1800 795 di.

431 815 550 918 gnosai
565 836 675 914 queat,
700 824 735 889 dc
749 817 918 886 indiciarum
939 816 1070 887 iliorum
1084 819 1273 912 dignationem
1293 820 1460 915 importat.

561 916 653 987 Vlli.
687 918 842 1012 Denique
861 923 896 986 &
910 912 989 986 illud
1009 940 1135 989 certum
1157 917 1226 997 est,
1259 919 1446 1010 dignationem
1465 914 1550 1005 diam
1573 937 1642 1009 opus
1662 919 1798 995 Rationi·

437 1017 500 1106 effe,
524 1015 558 1086 id
574 1014 620 1087 est
637 1015 761 1091 ntmtit,
785 1011 849 1085 sive
867 1016 1020 1085 mennas
1035 1018 1145 1089 nostri.
1197 1016 1322 1112 Neque
1343 1020 1431 1086 enim
1448 1013 1509 1085 alia
1522 1013 1655 1088 facultas
1671 1013 1799 1093 homini

439 1116 547 1191 dDeo
560 1112 706 1187 concessa
723 1115 779 1194 esi,
805 1136 870 1209 qua
886 1137 1000 1186 verum
1016 1112 1034 1185 'i
1050 1113 1129 1189 saim
1147 1118 1297 1193 dirimat,
1322 1136 1438 1213 praeter
1453 1116 1616 1195 tationem,
1640 1112 1704 1187 five
1718 1135 1799 1190 mm·

433 1236 498 1287 tem
512 1213 613 1287 suam.
689 1214 881 1309 Atquehoc
898 1209 987 1284 sensis
1004 1210 1245 1294 benedicitur,
1261 1236 1321 1309 ¹pet
1339 1217 1488 1287 Rationem
1503 1214 1676 1295 nostram,
1701 1216 1799 1288 idest

439 1339 499 1413 per
514 1334 639 1386 mentem
661 1311 814 1409 illiusque
835 1315 1059 1409 operationes,
1075 1313 1292 1409 scripturatum
1307 1316 1509 1385 Divinitattm
1534 1312 1655 1404 adstrui.
1706 1314 1799 1388 Nam

434 1423 475 1487 ὃς
495 1409 652 1512 ipsafides,
675 1414 781 1483 natatis
795 1411 908 1481 nostrae
926 1417 1072 1509 operatio
1089 1416 1148 1485 est.
1208 1418 1334 1484 “'sseoaae
1352 1427 1378 1483 ia
1399 1426 1437 1492 τῷ
1449 1418 1504 1497 iim
1523 1424 1565 1482 ni
1581 1424 1797 1505 anapapopsiio.

437 1517 649 1604 Unusquisque
665 1532 757 1582 mente
767 1510 827 1602 fisa
837 1514 920 1605 piene
935 1532 1029 1582 certas
1042 1512 1107 1603 esta.
1131 1515 1231 1586 Rom.
1249 1535 1327 1585 Χιν.
1347 1536 1381 1604 5.
1458 1514 1540 1584 fidei
1557 1514 1630 1582 osuii
1654 1508 1725 1585 sont
1747 1543 1797 1585 ses-

434 1628 602 1699 ·paeopnn
624 1613 776 1697 spinam:
799 1616 1000 1692 enodantes,
1032 1613 1189 1684 illuminati
1209 1614 1283 1684 actii
1300 1614 1415 1684 mentis.
1442 1609 1567 1710 Eph.1.
1583 1625 1632 1695 18.
1683 1621 1798 1711 Atque

436 1710 510 1785 ἧκε
532 1711 689 1784 ὴαᾶθηῦε
704 1710 778 1783 sunt
801 1720 1046 1797 ἐναμφισβῆτητκ.

558 1814 622 1885 ΙΧ.
650 1814 713 1884 Sed
728 1814 784 1882 dua
797 1812 971 1909 querenda
990 1811 1129 1882 restante
1155 1811 1322 1908 primone
1338 1811 1442 1901 quibus
1450 1809 1612 1905 paincipiis,
1636 1805 1700 1882 fite
1714 1815 1801 1886 axia-

437 1914 581 1994 matibus‚
605 1912 777 2005 adstruendo
793 1913 989 1984 Reveiutianis
1005 1911 1163 1983 Divinitas
1182 1928 1271 2001 utque
1283 1913 1441 1982 audatiam
1447 1910 1514 2001 fita
1545 1911 1676 2000 deinde,
1699 1935 1740 1984 an
1754 1915 1800 1984 ita

439 2012 619 2107 cit'sposttafit
627 2010 728 2104 nostae
743 2014 832 2082 Ratio
849 2031 883 2083 ut
893 2032 947 2103 pet
952 2009 986 2101 se
994 2010 1068 2101 sola,
1095 2035 1133 2080 ex
1146 2012 1203 2082 iiiia
1214 2011 1411 2083 axiomatibus
1431 2011 1671 2105 argumentanda,
1686 2010 1733 2101 se,
1754 2031 1804 2084 at·

440 2137 498 2205 que
512 2115 602 2193 aiios,
626 2115 662 2182 ne
678 2112 852 2185 Divmitute
867 2112 1065 2181 Reveistionis
1081 2113 1247 2180 convincere
1261 2111 1348 2203 pasſst
1355 2133 1372 2194 ‚·
1405 2118 1458 2192 &,
1479 2110 1597 2200 fiquici
1614 2112 1732 2181 Ratimi
1751 2136 1804 2183 no·

432 2211 500 2307 stae
515 2215 647 2282 accedere
668 2212 789 2296 debeo,
820 2212 893 2301 quid
908 2212 980 2280 iliud
1004 2212 1121 2279 tandem
1127 2209 1197 2299 stt,
1228 2231 1265 2279 at
1278 2212 1416 2301 quomado
1434 2227 1576 2306 operttut.
1653 2211 1737 2281 Duae
1754 2209 1805 2283 hee

467 2313 632 2386 uaestiones
647 2314 708 2381 tite
727 2308 746 2380 d
763 2306 952 2382 seinvicem
970 2304 1188 2379 discemendae
1208 2304 1305 2381 sunt:
1337 2315 1462 2409 quippe
1479 2333 1518 2380 ex
1537 2331 1676 2404 quarum
1691 2306 1809 2385 confu-

436 2337 664 2509 saaiiquando
683 2410 874 2482 traiiatione
888 2404 1012 2483 confusi
1032 2403 1106 2481 sunt
1123 2403 1260 2481 formati
1275 2429 1476 2508 conceptue,
1503 2416 1539 2482 δι
1558 2406 1736 2483 locutiones
1753 2412 1810 2505 ing

441 2533 575 2588 mrcatae.
1386 2574 1393 2587 .

560 2611 613 2685 X.
649 2614 792 2683 Primam
806 2609 1018 2707 questionem
1036 2609 1126 2704 quod
1141 2610 1268 2687 attinet,
1294 2606 1367 2681 sunt
1385 2611 1447 2706 qui
1464 2610 1591 2688 dicant,
1614 2612 1813 2682 Revelatianis

442 2712 669 2793 Divinitatem,
695 2723 752 2799 δε,
774 2735 848 2807 quae
863 2714 895 2781 ei
912 2712 1083 2790 innititur,
1108 2710 1345 2788 Auiiaritatcm,
1370 2732 1426 2779 nan
1441 2709 1495 2792 niti
1512 2731 1549 2778 cx
1564 2708 1686 2780 Ratione
1701 2708 1813 2803 amnui

430 2810 523 2912 poffe.
572 2816 617 2883 Ea
636 2807 736 2885 verba
750 2808 839 2882 hunc
861 2806 986 2882 sensum
1003 2807 1033 2879 le
1057 2813 1140 2882 entis
1158 2812 1267 2880 'menti
1289 2813 1440 2908 ingerere
1460 2807 1638 2887 videntur,
1664 2832 1704 2880 ex
1718 2809 1813 2899 sotius

442 2910 564 2983 amanis
577 2913 728 3007 principiis
744 2962 755 2992 ,
781 2910 994 2990 mumatibus,
1017 2834 1128 2999 sitis,
1163 2910 1199 2980 cic
1213 2912 1336 2983 Divisae
1352 2908 1553 2979 Reoelutianis
1565 2912 1756 2980 Aaiiotitatc
1771 2910 1811 2987 (t

440 3012 609 3085 mouns
628 3011 831 3105 asponon
846 3010 908 3095 effe.
960 3010 1068 3079 Anici
1084 3006 1213 3091 velint,
1240 3032 1281 3076 an
1298 3004 1405 3083 aiiod,
1430 3000 1573 3077 Theseos
1592 3003 1679 3079 iliius
1697 3007 1813 3081 desen.

445 3107 545 3198 sores,
570 3106 631 3206 tpst
647 3110 802 3192 viderint,
830 3114 865 3176 δι
884 3104 974 3172 videt
989 3106 1095 3176 Deus.
1146 3107 1216 3199 Ego
1229 3105 1270 3173 de
1281 3127 1319 3173 te
1333 3104 1454 3174 dicam.
1856 3113 1861 3120 '

568 3206 639 3278 Xi.
684 3207 798 3298 Atque
820 3207 865 3274 ita
883 3201 1063 3273 existimo:
1107 3200 1372 3300 distinguendum
1396 3198 1458 3272 effe
1480 3203 1571 3274 inter
1594 3201 1811 3276 uenationem

444 3331 518 3408 qoae
533 3301 623 3376 alicui
638 3304 823 3382 immediate,
855 3321 953 3397 atque
972 3320 1062 3372 extra
1074 3299 1250 3381 ordinem,
1280 3302 1388 3374 dDeo
1404 3299 1546 3401 obtingit
1563 3326 1575 3388 ;
1607 3325 1705 3398 atque
1724 3307 1810 3376 inter

447 3408 678 3485 Reveiotianetn‚
707 3426 802 3500 quae,
824 3405 912 3473 eneti
924 3399 1033 3491 faiis,
1057 3404 1147 3487 miii,
1174 3402 1241 3471 Dei
1257 3406 1408 3480 nomine,
1436 3399 1488 3472 vel
1507 3402 1609 3481 vetio,
1626 3402 1808 3494 veltcnpn,

446 3508 654 3583 annunciatus.
705 3504 825 3575 Prioris
838 3504 968 3599 generis
984 3497 1239 3574 revelationibus
1254 3497 1464 3579 Patriarohat,
1490 3498 1682 3600 Prophetas,
1709 3500 1805 3575 aiios·

446 3630 515 3708 que
529 3607 692 3679 interioris
716 3595 914 3675 admissionis
930 3595 993 3673 sose
1012 3605 1151 3683 amicos,
1174 3599 1254 3674 olim
1268 3603 1418 3700 dignatus
1436 3600 1482 3672 est
1497 3604 1598 3673 Deos.
1656 3606 1805 3702 Quomo-

447 3717 492 3784 do
506 3728 618 3780 autem
640 3702 689 3775 ilii
710 3705 751 3775 de
767 3703 941 3775 Diviniteto
958 3702 1215 3793 consoranensi·
1226 3698 1315 3790 faiis
1334 3704 1476 3773 convicii
1491 3697 1578 3783 fint,
1608 3725 1714 3802 operae
1730 3727 1806 3803 pre-

447 3816 532 3887 tium
550 3807 596 3880 est
619 3806 803 3902 anquirere.

565 3905 651 3981 ΧΠ.
694 3908 774 3976 Non
794 3923 874 4003 puto
887 3927 942 3976 eos
959 3898 1121 3975 exaudisse
1139 3903 1262 3975 tationis
1285 3891 1348 3973 suae
1374 3887 1517 3994 serinia3
1542 3921 1640 4000 atque
1658 3903 1700 3976 ad
1717 3905 1804 3978 axie-

449 4028 532 4084 anato
548 4006 679 4107 pridem
692 4022 817 4099 tempto,
835 4013 869 4078 &
890 4023 950 4103 pto
967 3999 1187 4101 liquidiffimis
1203 3999 1391 4076 veritatibus
1407 4000 1532 4085 habito,
1556 4001 1730 4103 diiigenter
1748 4021 1805 4076 et-

450 4107 602 4183 anrinalse
621 4130 694 4203 qoae
709 4128 796 4176 nutat
812 4100 869 4176 srbi
894 4128 1005 4177 recens
1018 4102 1262 4184 revelabantur,
1286 4125 1322 4174 ut
1341 4106 1457 4175 exinde
1471 4104 1628 4199 judicium
1650 4102 1804 4187 facerent,

449 4233 559 4284 utrum
576 4230 637 4305 pro
652 4205 776 4275 Divinis
794 4206 956 4302 recipere,
983 4229 1025 4275 an
1038 4227 1098 4275 teu
1113 4203 1247 4293 illationes
1269 4200 1346 4273 mali
1365 4203 1519 4276 daemonis
1533 4206 1684 4300 rejicere,
1712 4224 1804 4275 tene·

448 4332 573 4385 rentur.
622 4306 715 4376 Adeo
728 4305 875 4400 quidem,
902 4299 977 4376 utfi
994 4328 1069 4375 cum
1089 4308 1223 4375 rationis
1240 4302 1301 4375 suae
1318 4301 1428 4400 priscis
1444 4304 1569 4377 diuam
1581 4305 1806 4392 convenirent,

449 4413 658 4487 admitterent
672 4399 819 4479 alacriter
826 4424 840 4499 3
864 4399 912 4477 fin
926 4406 967 4479 ἰὴ
982 4425 1166 4506 repugnare
1186 4404 1386 4489 viderentur,
1411 4407 1642 4507 repudiarent,
1670 4401 1805 4478 veicerc

1157 4528 1175 4576 1
1199 4525 1222 4583 2
1685 4524 1718 4579 ie
1732 4529 1802 4580 am.
