4667 5442
740 504 831 600 Dr
879 504 1267 601 Essunrrn
1321 508 1561 602 Fruar.
1712 460 1872 611 621-

561 673 620 743 lll.
648 669 731 739 Mea
749 666 791 743 src
814 666 859 741 esl
882 669 970 742 ratio
992 694 1001 741 ε
1028 644 1131 742 fidem
1144 667 1299 744 bifariam
1327 666 1525 744 considerari
1546 665 1662 769 posse,
1692 671 1749 745 vel
1762 673 1812 745 uti
1825 687 1878 749 111.
1891 678 1996 759 Didie-

462 762 509 837 esl
527 768 561 839 in
571 768 607 856 se
625 768 662 837 δι
680 768 713 838 in
733 766 809 838 idea
827 812 838 845 ‚
866 788 905 837 ut
922 766 1114 863 loquuntur
1127 813 1153 849 ,.
1167 766 1223 837 vel
1247 769 1297 839 uti
1315 766 1361 839 est
1377 770 1410 839 itt
1423 766 1575 859 subjedio.
1624 771 1732 843 Priori
1758 772 1812 844 in·
1824 764 1874 820 ω’
1890 760 1972 838 fiden

461 865 554 934 tuitu
580 862 627 935 est
639 864 747 936 virtus
761 861 1023 959 praestantissrma
1045 862 1215 936 delineata
1227 862 1439 961 Evangelio,
1467 865 1510 937 ad
1525 867 1620 956 cujus
1630 834 1993 976 persestio·{’‚f‘32‘‚f¹‡„

460 984 542 1032 nem
559 958 736 1032 hominem
755 982 930 1056 quemque
944 957 1175 1032 Christianum
1201 962 1283 1032 eniti
1305 960 1413 1034 decet.
1462 960 1643 1035 Posteriori
1660 959 1809 1060 respectu
1821 1011 1852 1049 ue
1871 991 1904 1062 ,μ
1924 991 1954 1045 ,·„

460 1052 550 1154 saepe
561 1055 687 1128 debilis
699 1056 889 1127 admodum
904 1054 1083 1151 crassisque
1093 1056 1250 1129 involuta
1260 1055 1395 1130 nebulis
1405 1059 1440 1129 in
1452 1055 1611 1131 fidelibus
1626 1060 1945 1147 inveniturctrstrn.

563 1158 626 1225 lV.
654 1155 688 1224 si
700 1148 803 1224 fidem
818 1155 852 1224 in
867 1151 943 1222 idea
963 1152 1183 1225 attendamus
1201 1199 1212 1237 ,
1242 1152 1396 1228 constans
1413 1150 1567 1228 Ecclesiae
1585 1154 1806 1238 Reformatae,
1821 1170 1988 1234 lvdeidec,
2037 1169 2040 1174 '

460 1253 500 1325 &
524 1250 706 1345 scripturis
730 1243 904 1330 consona,
941 1244 1106 1321 sententia
1127 1248 1205 1333 est,
1244 1275 1321 1321 eam
1342 1275 1412 1323 non
1437 1247 1552 1324 solurn
1574 1246 1748 1324 consistere
1772 1241 1979 1323 inestfirmdffl·

459 1358 642 1451 ,5240me
659 1341 910 1442 firmissimaque
931 1340 1142 1443 persuasione
1170 1346 1213 1417 de
1233 1349 1374 1420 veritate
1395 1347 1574 1445 Evangelii
1598 1347 1806 1443 generatim,
1820 1320 1987 1455 ww

457 1442 519 1521 sed
543 1449 579 1517 &
593 1444 765 1542 speciatim
780 1442 824 1513 de
834 1466 914 1513 meo
927 1441 973 1514 ad
992 1440 1167 1515 Christum
1180 1445 1365 1540 omniaque
1380 1441 1544 1517 beneficia
1555 1440 1806 1536 salutariajure.
1822 1472 1960 1545 cmm„

455 1544 594 1620 Idcirco
615 1565 754 1637 operam
777 1539 927 1610 dandam
946 1533 1009 1610 else
1031 1541 1140 1612 cuivis
1162 1538 1356 1613 Christiano
1377 1562 1416 1612 ut
1436 1536 1654 1639 semetipsum
1676 1552 1957 1642 cogno-omniaque

457 1636 529 1715 scat
547 1643 582 1712 in
596 1634 662 1711 lide
682 1640 719 1710 &
737 1638 773 1709 in
788 1633 926 1710 Christo
947 1630 1037 1722 elle,
1066 1638 1103 1710 δι
1120 1634 1233 1710 dicere
1252 1661 1331 1710 curn
1342 1636 1450 1710 Paulo
1465 1661 1589 1734 queat:
1616 1640 1707 1711 vivit
1718 1641 1809 1710 inme
1820 1620 1991 1721 beneficus*
2025 1730 2028 1736 Ι

458 1735 603 1820 chrislus
614 1780 628 1820 ,
647 1738 691 1810 (a
714 1737 816 1807 ericam
839 1757 934 1831 quam
954 1759 1034 1807 nunc
1057 1737 1137 1808 vivo
1162 1737 1336 1817 incarne,
1358 1736 1439 1809 vivo
1454 1752 1515 1830 per
1529 1731 1627 1824 fidem
1639 1728 1704 1822 filii
1726 1707 1923 1814 Dci‚‘-““”⁴

458 1836 520 1934 qui
537 1834 653 1908 dilexit
665 1857 742 1914 me,
776 1835 821 1907 &⁸
833 1834 968 1905 tradidit
985 1831 1101 1921 femeti
1118 1831 1188 1921 sum
1197 1850 1259 1928 pro
1279 1855 1329 1904 me
1342 1834 1455 1910 :novi
1472 1834 1525 1905 cui
1534 1834 1743 1913 crediderim,
1765 1800 1831 1906 (ν’

461 1931 545 2006 mihi
558 1930 738 2027 persuasum
758 1927 800 2013 est
814 1951 886 2002 eutr
906 1925 1077 2026 poffcdcpo
1089 1948 1169 2002 tturn
1180 1951 1288 2003 merem
1303 1931 1339 2001 in
1349 1928 1437 2002 illum
1454 1930 1534 2002 diem
1543 1926 1712 2013 cceslodire:
1737 1951 1812 2002 nam

456 2028 540 2104 mihi
548 2025 727 2123 persuasum
745 2023 809 2111 est,
832 2049 932 2122 neque
940 2044 1073 2100 mortem
1082 2029 1400 2123 deprecandum..
1418 2046 1515 2124 neque
1524 2025 1618 2100 udam
1631 2049 1701 2100 rem
1713 2026 1811 2099 aliam

411 2119 420 2148 ⁸
453 2120 712 2305 conditarpstpoffe
731 2149 788 2200 tros
797 2121 990 2219 separarea
1012 2124 1168 2198 charitate
1185 2126 1274 2204 Dei,
1299 2145 1361 2221 que
1377 2120 1419 2209 eli
1434 2125 1469 2195 irc
1489 2119 1612 2208 Christo
1627 2121 1712 2217 Jesre
1736 2130 1811 2201 Do-

457 2247 547 2297 mmo
566 2248 586 2294 n
631 2246 678 2296 ro.

559 2316 605 2392 V.
633 2323 708 2391 Hac
719 2340 834 2391 mente
851 2313 1066 2392 Catechesros
1079 2316 1242 2391 Palatinae
1251 2321 1417 2401 auctores,
1445 2341 1524 2391 cum
1534 2316 1721 2390 innumeris
1733 2316 1808 2391 aliis
1819 2339 1992 2406 mm„-

454 2412 580 2490 nostrae
599 2416 853 2489 communionis
875 2414 1097 2514 Theologis,
1126 2415 1313 2496 dixerunt,
1340 2410 1444 2488 fidem
1466 2438 1527 2488 non
1540 2409 1845 2505 elsrttantrtmcer·te
1863 2415 1992 2490 refintm

454 2532 525 2588 tam
542 2514 708 2593 metim,
733 2536 795 2609 qua
807 2512 987 2601 firmiterc
1011 2517 1116 2587 entier
1126 2509 1268 2586 nundus
1288 2534 1354 2611 quc
1368 2518 1462 2588 Dercc
1481 2508 1567 2585 nolr'c
1585 2513 1619 2584 itt
1640 2508 1739 2585 verbo
1752 2509 1837 2601 [κν
1850 2491 1983 2588 α’ἰώῷ

452 2607 629 2709 patefecit,
647 2608 705 2697 scd
722 2612 818 2683 etiam
834 2629 955 2685 certant
999 2613 1146 2691 duriam,
1171 2612 1334 2705 aSpirirre
1362 2608 1496 2690 Sardio,
1516 2625 1577 2706 per
1597 2608 1811 2706 evangelium
1820 2574 1959 2635 ΜΝ·

454 2711 494 2782 irc
510 2711 603 2780 eorde
620 2731 687 2780 mco
705 2705 881 2794 aceniam,
904 2732 967 2805 qna
984 2712 1019 2781 in
1039 2711 1114 2785 Deo
1130 2705 1287 2806 acquiesco
1307 2758 1319 2787 ,
1341 2726 1426 2782 certo
1446 2704 1610 2790 statum,
1636 2731 1697 2782 nor
1708 2705 1811 2796 solunt

457 2804 555 2885 add,
574 2801 632 2893 sed
650 2806 730 2878 midi
746 2826 888 2902 quoque,
911 2802 1337 2902 retnifflonempeccatotrcm,
1360 2823 1507 2878 eternam
1520 2799 1677 2893 justitiam
1698 2806 1741 2878 (ν
1757 2805 1809 2877 oi·
1954 2804 1977 2876 N

459 2921 531 2977 tam
551 2906 698 2974 donatam
717 2902 793 2994 effe,
818 2928 860 2975 ex
880 2907 949 2979 Dei
961 2902 1193 2992 misericordie,
1212 2920 1346 2999 propter
1363 2906 1455 2977 cenius
1475 2898 1762 2986 cdridimerieum.

560 3004 622 3071 Vl.
650 2998 719 3072 Sed
735 3003 897 3096 quamvis
911 2996 1035 3074 fiducia
1057 2995 1248 3077 illiusmodi
1269 2999 1313 3072 ad
1345 2995 1448 3072 fidem
1466 3000 1610 3071 omnino
1628 3001 1808 3095 pertineat,
1821 3017 1992 3084 vamur,

451 3095 600 3196 gradum
618 3118 733 3169 tamen
750 3092 828 3168 fidei
848 3096 1174 3180 eminentissimum,
1201 3094 1245 3169 ad
1267 3121 1374 3194 quern
1390 3122 1460 3169 non
1481 3090 1543 3167 nisr
1564 3096 1704 3191 praeviis
1718 3094 1907 3164 mul-remen
1924 3096 1974 3166 1⁸ssae

453 3195 502 3267 tis
518 3188 598 3263 fidei
617 3191 809 3266 actionibus
835 3189 1011 3267 scandatur
1030 3239 1042 3278 ,
1070 3197 1188 3289 potius
1210 3187 1273 3263 else
1293 3190 1476 3272 existimo,
1504 3213 1611 3287 quam
1628 3212 1666 3261 ut
1686 3184 1756 3286 ipsa
1769 3175 1992 3305 fi-{ff‘bff

452 3290 513 3362 dei
534 3282 668 3360 essentia
689 3290 725 3359 in
745 3312 784 3359 ea
804 3289 1006 3362 collocetur.
1058 3291 1128 3362 Hic
1150 3289 1244 3360 enirn
1265 3288 1449 3368 naturalis,
1478 3309 1517 3358 ut
1533 3287 1583 3380 ita
1594 3283 1717 3367 dicam,
1731 3281 1811 3358 fidei
1821 3344 1853 3382 ee
1860 3269 1979 3399 ,5223sp

482 3378 630 3456 rocellus
650 3379 711 3455 esse
734 3384 871 3456 videtur
886 3431 912 3469 „
926 3407 965 3457 ut
991 3387 1105 3458 anima
1126 3381 1266 3458 credens
1278 3381 1478 3480 mysterium
1500 3384 1567 3455 Dei
1587 3382 1623 3453 &
1636 3379 1762 3455 Christi
1775 3384 1903 3478 inquam
1918 3399 1991 3460 idda

451 3412 591 3558 lumine
610 3482 729 3579 gratiae
748 3481 944 3566 intueatur,
974 3507 1060 3557 mort
1076 3480 1172 3556 illius
1191 3483 1396 3562 veritatem,
1424 3501 1565 3580 propter
1577 3479 1813 3554 auctoritatem
1822 3473 1936 3555 sim·

454 3571 667 3652 testificantis
691 3579 781 3661 Dei,
808 3578 914 3676 pleno
931 3572 1058 3652 assensu
1074 3573 1235 3678 agnoscat
1257 3603 1269 3666 3
1294 3599 1370 3651 tum
1390 3603 1495 3677 porro
1514 3576 1695 3651 veritatem
1716 3575 1815 3650 illam

411 3767 418 3774 ,
452 3695 575 3757 emet,
602 3676 638 3746 in
661 3701 700 3747 ea
715 3674 862 3749 exsultet
874 3682 1065 3775 Deumque
1085 3672 1256 3776 glorificet
1278 3702 1288 3749 r
1314 3670 1467 3773 impense
1489 3696 1634 3773 quoque
1654 3697 1815 3748 eomrnu-

451 3774 600 3848 nionem
618 3770 746 3846 Chrisli
766 3770 959 3858 desideret,
986 3796 1026 3846 ut
1044 3799 1082 3846 ea
1099 3798 1180 3872 quae
1198 3798 1278 3847 vera
1292 3767 1371 3845 sunt
1384 3775 1421 3845 in
1434 3768 1574 3847 Christo
1593 3765 1655 3844 fibi
1669 3794 1814 3869 quoque

440 3870 500 3943 'ad
521 3865 664 3942 salutem
686 3894 767 3943 vera
780 3867 842 3943 srnt
859 3871 1023 3966 3Nidcirco
1041 3869 1218 3946 Christum
1237 3918 1249 3954 ,
1277 3870 1420 3966 quando
1438 3866 1685 3981 &quomodo
1702 3863 1814 3943 srbiiu

444 3966 643 4065 Evangelio
664 3960 832 4051 offertur,
858 3965 993 4042 summa
1012 3967 1167 4043 lubentia
1180 3968 1346 4066 accipiat,
1373 3965 1429 4039 illi
1443 3967 1629 4047 innitatur,
1656 3966 1692 4037 in
1709 3964 1812 4037 illurn

442 4059 482 4140 se
503 4063 678 4147 reclinet,
706 4064 760 4136 illi
783 4059 816 4137 se
836 4066 946 4139 tradat
969 4091 1007 4140 ac
1029 4068 1202 4163 mancipet
1224 4094 1233 4139 ι
1261 4068 1298 4140 &
1321 4064 1465 4137 demum
1485 4060 1562 4162 post
1581 4059 1654 4136 haec
1676 4061 1808 4144 omnia,

442 4181 629 4258 comperta
654 4185 743 4234 nunc
761 4177 884 4237 ‘mutua
900 4159 953 4236 sui
972 4189 1051 4236 cum
1066 4162 1203 4238 Chrillo
1227 4164 1356 4236 unione
1376 4206 1389 4246 ,
1427 4157 1603 4236 Christum
1626 4154 1726 4233 suum
1744 4154 1809 4231 elle

432 4257 652 4360 glorietur,
679 4259 717 4331 in
737 4283 779 4330 eo
831 4286 912 4336 uam
933 4262 1170 4350 jucundissime
1188 4259 1364 4334 delicians.

548 4359 630 4429 Vll.
656 4358 703 4428 Ec
732 4357 786 4430 uis
804 4285 967 4441 dubitat,
995 4357 1081 4456 quin
1094 4355 1167 4431 lraec
1182 4354 1413 4432 desiderabilis
1433 4357 1594 4456 quaedam
1609 4351 1689 4428 fidei
1701 4351 1802 4427 valde
1814 4350 1880 4413 Vll·
1903 4342 1990 4428 ΩΨ·

427 4447 620 4534 roborate
638 4382 804 4554 persenit>
823 4452 884 4545 fit,
910 4455 1014 4558 digna
1034 4454 1204 4630 ediquem
1217 4479 1339 4531 omnes
1358 4477 1436 4546 toto
1456 4453 1562 4534 animi
1570 4450 1646 4532 nisu
1659 4442 1842 4621 pigmen-{J
1851 4445 1987 4564 pam

1104 4578 1117 4625 1
1141 4579 1180 4628 11
1205 4574 1224 4649 3
1559 4575 1565 4584 “
1707 4569 1798 4637 must

1833 1799 1892 1845 m.
