4667 5442
545 483 620 577 An
635 488 798 578 Etacr.
817 513 936 579 anre
958 485 1106 582 Coun.
1124 516 1228 582 stur
1249 518 1298 583 tu
1316 495 1449 583 Srav.
1465 495 1609 589 Gara.
1697 509 1776 610 615

421 650 636 748 liberandus
648 651 716 744 lit,
741 657 826 729 dum
845 659 1007 758 reprobi,
1035 659 1163 761 quibus
1183 656 1268 735 salus
1290 686 1402 760 neque
1422 660 1583 737 destinata
1596 688 1615 736 a
1627 668 1706 736 Deo
1717 688 1779 737 ne-

437 776 510 852 que
524 778 621 851 parta
637 780 698 852 per
708 752 883 827 Christum
896 755 963 841 est,
991 782 1157 833 aetemum
1170 760 1206 832 in
1225 755 1347 831 misero
1361 758 1421 831 suo
1435 758 1520 833 statu
1532 756 1677 833 mansuri
1689 756 1778 833 sunt.

538 856 602 926 111.
628 848 812 925 Exsecutio
831 876 947 927 autem
969 855 1144 929 eledionis
1163 849 1364 928 considerari
1384 854 1496 953 potest
1518 854 1685 929 bifariam.
1735 860 1780 928 Et
1788 892 1841 954 m·
1854 890 1886 949 p„
1901 903 1957 968 4„

435 950 551 1049 primo
571 947 716 1044 quidem
732 943 882 1046 respestu
897 954 1069 1026 afflonum
1078 950 1292 1049 quarundam
1303 973 1517 1025 externarum
1536 998 1547 1034 ,
1575 976 1655 1049 quae
1675 955 1890 1027 exreidemum

437 1046 583 1141 quidem
599 1067 719 1120 natura
730 1045 865 1120 nullum
884 1072 1013 1121 certum
1036 1073 1114 1124 cum
1130 1044 1236 1121 filute
1251 1072 1380 1121 nexum
1397 1046 1548 1130 habent,
1577 1047 1727 1146 ideoque
1741 1044 1913 1138 80*Μῆ

439 1143 527 1217 circa
545 1141 712 1236 reprobos
730 1142 940 1242 quandoque
961 1168 1186 1231 exercentur,
1213 1170 1256 1217 ex
1267 1145 1334 1216 Dei
1346 1165 1460 1217 tamen
1481 1143 1703 1217 destinatione
1713 1126 1932 1268 cir-mm

438 1261 478 1310 ca
492 1235 582 1310 hunc
614 1233 809 1338 singulatim
834 1238 1045 1325 hominem,
1080 1242 1123 1315 ad
1143 1240 1421 1339 promovendum
1445 1238 1626 1338 paullatim
1649 1242 1684 1313 in
1705 1237 1778 1337 ipso
1934 1237 1944 1254 ⁶

439 1358 530 1432 opus
545 1337 691 1431 gratiae,
728 1334 960 1411 direstaesunt.
1011 1343 1132 1429 Quum
1156 1341 1249 1411 enim
1276 1342 1372 1409 Deus
1392 1335 1516 1409 electos
1536 1336 1781 1434 compledatur

435 1454 556 1503 amore
570 1430 822 1505 benevolentiae
838 1428 1035 1532 fingularis,
1063 1437 1201 1508 exintro
1221 1433 1308 1507 olim
1334 1435 1368 1506 in
1388 1458 1539 1507 amorem
1564 1434 1782 1532 complacen-

439 1527 525 1608 tiae,
553 1528 710 1603 concedit
728 1530 770 1600 iis
790 1529 903 1603 media
917 1527 1054 1615 salutis,
1085 1531 1232 1628 facitque
1250 1553 1291 1602 ut
1301 1529 1440 1602 audiant
1450 1531 1658 1628 praeconium
1669 1535 1783 1605 Evan-

436 1624 547 1721 gelii,
575 1623 861 1698 dehortationesa
880 1630 995 1710 vitiis,
1024 1627 1281 1702 exhortationes
1300 1627 1345 1697 ad
1359 1628 1471 1699 officia
1485 1629 1647 1709 virtutis,
1674 1627 1808 1700 infor·‘

440 1722 632 1793 mationem
646 1722 689 1791 de
706 1722 907 1795 veritatibus
922 1720 1144 1806 salutaribus,
1174 1748 1261 1821 quas
1271 1722 1414 1795 naturali
1426 1719 1485 1794 suo
1502 1722 1676 1796 intellectu
1691 1748 1782 1820 quo·

440 1815 632 1888 dammodo
651 1839 825 1914 perceptas
844 1816 987 1918 infigant
1003 1823 1200 1903 memoriae,
1228 1820 1313 1891 olim
1333 1817 1376 1890 ad
1394 1815 1686 1892 sanctificationem
1697 1845 1782 1916 pro·

438 1906 604 1986 futuras:
630 1915 810 1986 accedente
829 1917 966 1990 interim
992 1922 1125 1991 interna
1150 1918 1267 2014 aliqua
1291 1914 1545 1988 illuminatione
1571 1918 1716 1997 mentis,
1745 1916 1782 1988 δι

435 2004 670 2083 stimulatione
690 2009 878 2100 voluntatis
896 2014 941 2085 ad
955 2013 1085 2087 bonum
1096 2061 1107 2098 ,
1136 2013 1296 2126 quamvis
1306 2032 1450 2108 utraque
1462 2010 1627 2093 evanida,
1654 2015 1691 2084 δι
1703 2035 1784 2084 nec·

437 2103 527 2177 dum
545 2102 682 2179 salutari
704 2134 714 2181 a
741 2128 844 2205 atque
863 2108 953 2181 illud
969 2135 1075 2183 omne
1094 2135 1133 2182 ea
1149 2112 1337 2183 intentione
1352 2132 1390 2181 ut
1407 2103 1467 2179 suo
1487 2130 1642 2206 tempore
1652 2105 1785 2205 perista

436 2202 555 2274 media
584 2205 760 2279 efficaciter
780 2227 1031 2280 convertantur.
1083 2213 1169 2280 Haec
1193 2207 1310 2278 omnia
1332 2228 1442 2304 quum
1464 2200 1715 2302 proficiscantur
1740 2226 1785 2281 ex

440 2294 583 2371 consilio
603 2303 743 2397 gratiae,
771 2303 894 2373 merito
906 2327 1050 2413 quoque
1069 2303 1112 2375 ad
1126 2303 1301 2376 electionis
1313 2297 1565 2373 exsecutionem
1575 2300 1783 2373 reseruntura

438 2397 607 2491 &quum
629 2398 753 2470 fructus
768 2396 830 2470 srnt
852 2421 1054 2472 mentorum
1073 2398 1220 2479 Christi,
1246 2396 1291 2470 ad
1311 2419 1415 2493 partae
1434 2399 1551 2494 gratiae
1579 2422 1598 2469 a
1623 2394 1784 2498 plicatio·

438 2514 523 2565 nem
543 2494 808 2589 quodammodo
850 2498 1026 2582 ertinent3
1051 2499 1088 2567 δι
1107 2493 1183 2569 sunt
1195 2490 1288 2594 quast
1306 2493 1488 2566 molimina
1509 2422 1668 2592 quaedam
1688 2492 1784 2566 illius

441 2591 506 2684 qui
523 2591 559 2661 id
573 2591 672 2685 quod
684 2586 782 2663 suum
803 2520 850 2665 el
869 2594 1038 2667 vindicare
1059 2588 1120 2664 fibi
1138 2595 1277 2690 occipit.
1328 2594 1498 2679 Quamvis
1514 2615 1583 2664 non
1598 2584 1656 2661 nisa
1667 2590 1784 2661 tenuia

440 2686 606 2855 quaedam
627 2685 868 2784 applicationis
890 2691 989 2763 initia
1005 2684 1091 2773 smt,
1119 2689 1250 2788 quibus
1270 2687 1427 2761 nondum
1440 2686 1576 2762 Christo
1594 2680 1784 2761 inseruntur

439 2784 552 2856 cedi.

509 2911 513 2917 ·
538 2886 601 2954 IV.
627 2882 787 2967 Succedit
807 2882 887 2955 dein
906 2884 1176 2961 consummatior
1193 2878 1365 2958 exsecutio
1384 2880 1558 2957 eledionis
1570 2879 1612 2954 ad
1625 2882 1783 2980 gratiam,
1833 2897 1888 2965 ιν.

443 2974 484 3048 &
508 2974 650 3052 solidior
673 3002 778 3077 partae
797 3006 859 3078 per
877 2978 1053 3056 Christum
1076 2986 1195 3082 gratiae
1216 2980 1423 3079 applicatio,
1452 3003 1494 3051 eo
1511 3001 1691 3050 momento
1712 3001 1786 3074 quo

443 3073 564 3158 celesti,
591 3075 769 3148 efficaciter
785 3079 929 3160 vocati,
957 3104 1001 3151 ex
1020 3075 1148 3152 semine
1164 3074 1417 3173 incorruptibili
1440 3070 1606 3147 sermonis
1626 3074 1694 3145 Dei
1713 3071 1787 3144 vivi

442 3171 483 3243 δι
498 3174 666 3245 manentis
678 3173 714 3256 in
724 3195 911 3256 aeternum,
938 3196 1145 3269 cooperante
1155 3175 1283 3268 Spiritu
1299 3172 1401 3253 vitae,
1429 3190 1679 3267 regenerantur,
1692 3168 1788 3265 prin·

444 3270 540 3365 cipio
558 3291 659 3338 novae
679 3292 717 3338 ac
735 3264 916 3362 spiritualis
933 3271 1016 3342 vitae
1036 3269 1230 3349 donantur,
1258 3263 1398 3340 Christo
1420 3263 1593 3337 adualiter
1609 3265 1787 3345 uniuntur,

443 3368 624 3535 preptique
641 3388 686 3436 ex
703 3360 870 3462 potestate
887 3363 1105 3438 tenebrarum
1121 3362 1367 3439 transferuntur
1385 3362 1423 3436 in
1440 3383 1586 3461 regnum
1599 3357 1714 3433 dilen
1730 3359 1791 3434 Fi·

463 3463 489 3536 ii
509 3464 592 3536 Dei.
646 3510 649 3514 -
1819 3485 1822 3490 ·

546 3566 593 3632 V.
621 3558 793 3634 Ordinem
810 3562 951 3634 intemae
969 3555 1073 3650 hujus
1090 3579 1129 3628 ac
1150 3582 1230 3631 vere
1246 3551 1403 3633 salvificae
1424 3551 1664 3655 applicationis
1688 3554 1792 3652 apri·
1836 3557 1878 3628 V.

447 3682 510 3731 mo
534 3653 586 3730 sui
605 3658 775 3740 exordio,
801 3656 922 3732 multis
940 3651 1104 3754 gradibus
1126 3654 1171 3726 ad
1188 3655 1371 3753 persedam
1391 3652 1641 3728 beatitudinem
1660 3653 1792 3725 eniten-

447 3756 518 3837 tis,
546 3757 581 3829 in
600 3752 802 3827 hominibus
821 3753 970 3834 adultis,
998 3751 1042 3824 de
1056 3751 1184 3849 quibus
1203 3776 1293 3825 nunc
1309 3747 1392 3825 solis
1413 3750 1613 3848 loquimur,
1640 3745 1701 3822 hac
1723 3746 1793 3821 fere

445 3854 548 3927 nobis
565 3853 698 3924 ratione
714 3843 1211 3949 Scripntrarumrepraesentant
1229 3848 1377 3922 oracula.
1429 3845 1698 3943 Quamprimum
1710 3841 1795 3918 hora

414 3961 417 3966 '
447 3945 605 4049 gratiosae
634 3946 858 4030 visitationis,
890 3944 935 4019 srn
962 3948 1030 4019 ulis
1048 3944 1160 4019 electis
1185 3946 1365 4019 certissimo
1393 3947 1461 4018 Dei
1483 3941 1607 4016 statuto
1629 3936 1792 4040 praefixa,

447 4048 609 4127 advenit,
628 4043 763 4119 homini
781 4043 912 4125 elesto,
936 3968 998 4116 sub
1016 4040 1259 4140 predicatione
1274 4040 1453 4141 Evangelii
1467 4038 1628 4136 degenti,
1654 4057 1794 4151 repente

448 4167 496 4217 ex
516 4137 660 4239 appulsu
679 4142 736 4216 vel
754 4140 889 4214 influxu
905 4141 1053 4238 Spiritus
1070 4138 1218 4223 Christi,
1245 4137 1385 4237 mystice
1404 4134 1464 4210 srbi
1476 4140 1624 4207 animam
1644 4136 1794 4208 umentis

452 4238 646 4315 infunditur
663 4234 847 4337 spiritualis
873 4236 953 4309 vitae
970 4238 1077 4333 princi
1105 4237 1211 4320 ium,
1246 4237 1341 4325 cujus
1365 4226 1540 4306 aduosrtas
1560 4232 1711 4330 primurn
1731 4254 1794 4302 ex·
1896 4270 1899 4274 -

451 4332 560 4411 serere
582 4330 615 4408 se
634 4333 754 4434 incipit
779 4337 815 4406 in
840 4332 1016 4406 intellectu
1026 4260 1168 4426 ‚infdlita
1189 4334 1264 4407 luce
1289 4328 1500 4405 collustrato.
1553 4327 1795 4419 Quemadmo-

449 4431 808 4510 danneniminveteti
816 4431 1008 4521 creatione,
1031 4428 1251 4522 ita&inbae
1263 4449 1449 4522 renovata,
1473 4415 1793 4508 initiumaluceest·

995 4556 1009 4592 e
1684 4509 1795 4617 'Qa-

1309 4711 1326 4740 κ
