4667 5442
755 473 831 564 De
869 469 1166 565 Tritonoco
1203 471 1462 566 Monusro
1576 587 1581 597 ι
1687 493 1785 601 715

434 638 540 733 Quid
563 635 711 713 eundem
732 635 1023 715 *atremendorum
1036 638 1271 737 mysteriorum
1291 638 1541 716 maleconsulta
1560 644 1787 715 temeratione

436 740 571 811 arcebit
591 762 628 811 ac
648 737 833 810 deterrebit
854 735 867 807 ἓ
894 737 1076 812 Modestia.
1129 738 1225 825 Quid
1243 734 1445 813 sanuiffimae
1466 740 1645 837 religionis
1666 737 1787 811 nostrae

437 834 608 933 dogmata
628 834 718 907 felici
731 837 766 907 in
786 836 920 907 animos
937 830 1058 930 illapsu
1068 837 1220 908 veritatis
1232 837 1423 909 amantibus
1435 833 1672 933 persuadebit?
1698 840 1788 907 Tra·
1859 891 1862 898 .

437 934 606 1004 stantium
629 931 901 1027 eainterpretum
914 929 1095 1004 Modestia.
1147 933 1244 1020 Quid
1257 931 1415 1005 infaustas
1429 935 1506 1005 lites
1517 932 1572 1003 vel
1586 934 1783 1028 praeveniet,
1859 965 1861 972 ·

437 1027 499 1102 vel
518 1026 680 1100 dirimet?
708 1028 795 1124 quid
813 1028 973 1109 inutiles,
1001 1024 1058 1104 sed
1078 1052 1205 1127 magno
1219 1025 1305 1125 saepe
1317 1032 1509 1102 animorum
1521 1030 1784 1125 motuagitatas,

435 1120 904 1221 controversiascomponeti
932 1124 1115 1198 Modestia.
1165 1126 1282 1213 Quid,
1303 1125 1362 1196 ubi
1374 1150 1525 1225 pugnam
1564 1148 1604 1195 ro
1614 1127 1681 1195 Dei
1693 1121 1787 1198 caus-

417 1218 476 1322 ‚si
495 1220 678 1293 detrectare
702 1221 802 1294 nullo
822 1226 919 1317 pasto
938 1221 1043 1303 licet,
1071 1223 1246 1293 victoriam
1264 1223 1460 1295 conciliabit
1481 1225 1517 1294 &
1541 1151 1727 1293 laciliorem
1747 1222 1785 1291 &

417 1314 741 1394 laudabiliorem}
779 1319 985 1392 Dimicantis
1006 1317 1189 1390 Modestia.
1241 1318 1338 1406 Quid
1359 1314 1514 1391 insanum
1547 1314 1785 1390 novaturiendi

464 1416 611 1488 turitum
621 1460 632 1496 ‚
662 1412 748 1511 quid
760 1416 909 1511 partium
922 1413 1054 1496 studia,
1082 1415 1170 1510 quid
1184 1414 1493 1488 nocentiffimarum
1519 1414 1702 1485 lactionum
1724 1436 1785 1507 pe-

433 1437 524 1588 ssem
541 1510 559 1582 ὲ
578 1510 763 1584 Scholis&
781 1508 936 1583 Ecclesris
949 1508 1081 1608 pellet?
1107 1510 1291 1583 Modestia.
1344 1512 1440 1600 Quid
1452 1512 1584 1582 animos
1597 1506 1785 1603 manusque

435 1606 596 1682 infantia
607 1606 817 1679 inviolabilis
826 1607 1278 1704 pacis&amicitiaesoedeta
1289 1604 1433 1707 junget?
1459 1608 1587 1679 Eadem
1600 1605 1781 1680 Modestia.

435 1710 476 1778 O
496 1704 603 1777 sancia
616 1706 653 1776 &
672 1704 769 1776 beata
783 1704 977 1788 Modestia,
1004 1727 1058 1777 tot
1076 1728 1259 1778 avertunca
1280 1704 1448 1776 malarum
1465 1702 1609 1799 pellium
1629 1747 1640 1782 ,
1668 1722 1783 1774 tanto·
1832 1708 1837 1721 ‘

434 1823 588 1897 rumque
605 1801 818 1875 conciliatrix
834 1800 1028 1882 bonorum,
1056 1824 1182 1898 quote
1201 1824 1365 1873 terrarum
1383 1799 1551 1897 proripis?
1577 1805 1650 1871 Cur
1670 1799 1782 1873 oculis

434 1895 613 1972 tenostris
630 1893 814 1980 subducis,
842 1901 964 1996 tuique
984 1898 1138 1970 tabentes
1158 1893 1324 1970 desiderio
1348 1892 1469 1971 misere
1491 1894 1673 1968 dellituisi
1697 1892 1781 1967 Siste

432 1993 609 2092 gradum,
638 1995 710 2067 redi
728 1997 900 2092 propitia,
930 2019 1059 2093 occupa
1076 1997 1212 2068 animos
1231 1993 1385 2077 nostros,
1412 1995 1518 2091 inque
1537 1994 1580 2064 iis
1600 1990 1782 2087 placidissi-

433 2091 488 2166 tni
501 2093 700 2162 dominatus
720 2093 771 2161 tui
788 2091 981 2167 thronum:
1008 2117 1137 2190 occupa
1162 2088 1249 2166 hanc
1271 2091 1520 2184 Academiam,
1547 2086 1633 2163 banc
1655 2086 1784 2160 Cathe-

433 2186 554 2270 dram,
583 2189 651 2259 tuis
682 2185 843 2262 devotam
870 2186 997 2264 sacris:
1025 2209 1180 2287 crepante
1200 2189 1360 2271 invidia,
1389 2186 1565 2260 frendente
1589 2180 1781 2267 discordia,

432 2281 601 2362 fremente
617 2284 830 2368 ambitione,
856 2283 1131 2382 conculcatisque
1149 2285 1311 2358 omnibus
1325 2285 1426 2357 Erebi
1439 2280 1619 2364 monstris,
1648 2286 1685 2355 &
1696 2306 1783 2353 exu-

431 2377 506 2453 lare
523 2377 610 2469 jusso
630 2381 804 2477 quidquid
821 2406 995 2479 perpetuae
1012 2377 1207 2455 adversatur
1231 2381 1498 2478 tranquillitati,
1525 2400 1588 2453 tuo
1610 2402 1674 2451 nos
1692 2401 1782 2476 prae·

428 2471 543 2559 fidio,
571 2478 640 2548 tuis
659 2478 858 2551 muneribus
877 2503 1042 2552 aeternum
1065 2477 1141 2551 bea.

532 2568 701 2673 Ignoscite
715 2571 948 2649 Entbusrasmo
968 2574 1069 2658 huic,
1091 2574 1303 2659 Auditores,
1331 2577 1364 2649 in
1381 2600 1453 2673 quo
1469 2569 1688 2647 Sacrosansiae
1703 2597 1781 2645 mo·

430 2669 552 2748 deuia
572 2669 827 2767 flagrantissimo
845 2698 961 2745 amore
985 2697 1022 2744 ac
1045 2668 1212 2744 defiderio
1235 2695 1434 2769 correptus,
1461 2674 1499 2744 &
1515 2669 1602 2743 milri
1620 2674 1656 2743 δι
1678 2669 1780 2741 vobis

417 2769 691 2868 ·propcmodum
702 2789 859 2865 ereptus,
886 2773 1159 2865 &utrorumque
1172 2770 1303 2843 oblitus
1320 2769 1428 2842 videri
1439 2766 1581 2866 possem.
1633 2772 1680 2839 At
1690 2788 1781 2840 certe

421 2907 423 2912 ·
482 2892 506 2940 n
524 2864 731 2947 obliviscor,
758 2866 844 2937 dum
862 2864 1096 2948 modestiam,
1124 2868 1280 2964 reginam
1298 2869 1487 2946 virtutum,
1513 2865 1700 2962 propitiam
1712 2864 1782 2935 mi·

425 2889 657 3056 &vobisque
677 2962 859 3037 conciliare
876 2988 1004 3047 conor,
1032 2966 1069 3036 &
1086 2962 1133 3036 ‘ad
1151 2987 1339 3064 perpetuos
1357 2961 1412 3037 bic
1434 2959 1495 3035 fibi
1512 2964 1610 3039 larcis
1622 2956 1792 3059 figendos·

428 3056 622 3142 enixissrma
643 3083 742 3156 prece
753 3060 878 3136 invito.

437 3223 444 3234 ,
531 3161 708 3228 Caeterum
728 3151 800 3252 ipsa
815 3182 905 3231 nunc
928 3156 990 3230 illa
1003 3154 1176 3229 Modestia
1203 3179 1321 3228 aurem
1341 3153 1429 3229 mihi
1447 3155 1609 3237 vellicat,
1637 3153 1779 3251 lenique

428 3274 556 3336 monet
571 3248 731 3333 susurro,
771 3276 842 3325 non
863 3250 926 3325 elle
948 3252 1236 3327 committendum
1255 3274 1294 3323 ut
1313 3253 1477 3348 patientia
1496 3250 1602 3323 vestra
1619 3248 1778 3348 longiore

430 3350 588 3426 oratione
605 3349 738 3422 abutar.
788 3350 910 3422 Finem
925 3352 1043 3446 itaque
1064 3348 1201 3421 dicendi
1214 3348 1354 3429 faciam,
1382 3347 1443 3419 ubi
1458 3371 1517 3419 eos
1531 3349 1681 3443 primum
1694 3369 1779 3443 pau·

425 3449 483 3526 ci!
499 3446 754 3544 compellavero
773 3492 785 3529 ,
813 3448 941 3541 quibus
953 3447 1010 3519 vel
1026 3442 1212 3541 obsequia,
1238 3443 1296 3518 vel
1313 3446 1426 3517 officia
1443 3469 1519 3516 mea
1537 3442 1717 3517 debentur.

440 3593 447 3632 ρ
533 3548 590 3618 Ad
610 3568 673 3617 vos
692 3544 829 3640 igitur,
865 3543 1421 3619 1LLUs‘rttesncnuEM1AE
1447 3544 1512 3611 ET
1536 3540 1779 3632 RElPUBLl·

424 3643 508 3722 GAE
536 3643 696 3741 HUJUS
719 3644 992 3724 PROCERE8,
1011 3666 1098 3738 ¹mea
1110 3637 1142 3712 se
1156 3640 1324 3714 convertit
1342 3640 1465 3712 oratio.
1516 3635 1630 3711 Vobis
1638 3662 1702 3734 pro
1715 3636 1779 3709 be-

427 3739 563 3820 nevolo
586 3738 696 3813 vestro
721 3736 765 3808 de
782 3761 840 3810 me
864 3738 1017 3825 judicio,
1044 3736 1263 3837 praestitoque
1289 3738 1325 3809 in
1346 3733 1409 3808 hac
1429 3736 1612 3809 vocatione
1628 3732 1773 3816 honore,

426 3836 649 3916 immortales
659 3834 897 3935 habeo&ago
908 3838 1046 3933 gratias.
1098 3837 1150 3912 Ut
1163 3835 1272 3907 multa
1283 3833 1325 3905 de
1336 3858 1391 3905 me
1404 3833 1591 3931 pollicear,
1618 3856 1688 3904 non
1698 3855 1777 3927 per·
1878 3891 1881 3896 .

428 3936 564 4019 mittit,
587 3958 694 4031 quam
709 3954 784 4005 tota
799 3934 955 4006 oratione
966 3931 1126 4016 laudavi,
1153 3929 1337 4005 Modestia.
1391 3933 1470 4008 Una
1484 3927 1549 4001 bac
1562 3927 1777 4024 protestatio-

432 4056 481 4122 ne
494 4032 635 4131 defungi
652 4031 783 4105 liceat:
809 4024 834 4102 fi
855 4029 941 4127 quid
961 4029 1058 4103 dedit
1078 4028 1165 4103 mihi
1188 4032 1306 4109 Deus,
1333 4020 1358 4099 s1
1386 4026 1474 4126 quid
1495 4024 1615 4107 dabit,
1643 4022 1666 4098 sr
1687 4026 1776 4125 quid

427 4125 589 4240 polium,
613 4124 735 4228 siquid
749 4121 844 4211 sum,
870 4126 909 4201 id
918 4124 1260 4223 vestrumvestraeque
1269 4123 1467 4198 Academiae
1479 4118 1543 4197 usu
1553 4123 1777 4198 erit&man·

425 4248 473 4305 cu
499 4245 681 4302 totorum.
934 4267 938 4274 ·

435 4387 441 4398 .
472 4252 498 4327 p
531 4329 606 4398 Vos
625 4347 709 4397 vero
727 4370 739 4409 ,
767 4323 951 4402 Clarissimi
967 4324 1107 4398 Divina
1132 4318 1372 4419 humanaequae
1390 4313 1563 4416 sapientia
1579 4321 1775 4398 PROFES-

423 4424 597 4514 sous,
618 4421 822 4505 eruditam
838 4422 932 4504 bina
946 4447 1009 4526 per
1026 4415 1223 4599 un>i<vprstxrq1
1239 4438 1409 4595 ἵππω,
1424 4416 1560 4510 orbem,
1700 4509 1774 4607 sm
