4667 5442
564 492 718 631 356'
807 496 1522 591 Exnxcrrnrro
1579 493 1708 588 XIV.

557 661 675 834 aggeri
692 653 779 830 [rget
794 643 1006 830 &baffi
1025 702 1037 740 ‚
1053 681 1107 829 ἑο
1148 645 1460 852 nandoqtuepirastis
1472 641 1910 827 'fuq‘uaesliobgrlblloslff

611 780 659 831 nt.
742 783 765 830 n
807 780 865 829 ura
944 779 1034 828 orum
1082 779 1137 828 rac
1210 779 1263 827 ner
1300 780 1325 826 rt
1366 778 1454 826 rcem
1511 779 1588 827 nrcu
1606 777 1666 823 urn
1894 784 1913 804 ·

558 850 715 955 spensum
730 782 879 952 gellmt,
908 875 1015 950 quern
1031 854 1114 924 trini
1130 850 1274 939 alicujus
1285 851 1437 923 numinis
1456 846 1588 947 fingunt
1602 842 1665 920 elle
1678 842 1907 943 symbolum

560 972 621 1026 aut
639 950 721 1048 quia
741 954 821 1023 Sinae
838 950 876 1021 &
893 951 1019 1044 Japont‘
1036 952 1152 1019 Deum
1173 945 1337 1019 exhibent
1355 947 1466 1043 effigie
1479 941 1688 1026 monstrosa,
1714 945 1750 1015 in
1764 965 1849 1039 quae
1863 961 1911 1012 ex

560 1072 633 1122 uno
654 1070 797 1143 corpore
847 1046 993 1118 rodeunt
1015 1045 1079 1116 tria
1102 1045 1212 1141 capita
1241 1063 1364 1115 mutuo
1382 1039 1449 1115 sese
1468 1039 1687 1139 adspicientia
1708 1065 1719 1124 3
1743 1037 1803 1110 vel
1822 1035 1911 1133 quia

561 1144 683 1218 solonis
701 1140 732 1212 le
759 1165 778 1211 e
833 1139 1004 1229 thenienftr
1021 1139 1225 1230 jubebantur
1242 1140 1351 1227 jurate
1362 1164 1422 1237 per
1436 1160 1504 1211 tres
1521 1145 1640 1219 Deos,
1666 1136 1831 1206 ι’κπίσιοο,
1848 1145 1909 1198 Ka·

559 1235 693 1332 Ὁᾶρσιον,
715 1163 937 1331 {lemgum
959 1237 1159 1331 Supplicem,
1184 1240 1238 1311 Ex
1265 1239 1393 1316 ‘antem,
1412 1242 1658 1315 Aeternarum,
1683 1233 1811 1305 idcirco
1835 1229 1910 1303 haet

563 1333 651 1408 mihi
678 1331 722 1402 ad
754 1331 936 1404 adorandae
965 1332 1146 1405 Trinitatis
1179 1254 1298 1405 norbae
1318 1331 1515 1429 mysterium
1537 1328 1702 1414 trahenda
1722 1326 1833 1400 lunt?
1869 1335 1908 1401 ln

564 1434 795 1508 Graecorum,
822 1426 1041 1525 aliorumque
1056 1429 1269 1526 populorum
1284 1426 1559 1509 lustrationibus,
1586 1430 1621 1499 in
1641 1427 1772 1499 Mithra
1791 1422 1907 1504 sacris,

564 1545 655 1625 quot
667 1524 949 1598 occurruntxitus
975 1548 1065 1621 quos
1086 1548 1164 1597 eum
1181 1521 1358 1621 Baptismo
1381 1523 1534 1596 conferre
1557 1520 1751 1596 Christiano
1801 1519 1909 1594 ollis}

564 1621 646 1695 inde
663 1641 777 1691 tamen
795 1643 1014 1716 nequaquam
1035 1619 1224 1693 derivandi.
1275 1621 1368 1706 Quia
1389 1619 1539 1701 Guebrt',
1563 1618 1736 1709 Persarum
1770 1616 1907 1699 obolos,

565 1742 611 1791 ex
629 1714 802 1800 Zoroastre
824 1712 873 1786 sui
891 1716 1075 1797 mandato,
1102 1716 1248 1788 infantes
1269 1713 1446 1813 baptismo
1464 1714 1604 1790 lustrant
1623 1764 1635 1797 ,
1661 1714 1819 1792 &labes
1837 1715 1911 1786 ani·

565 1814 616 1888 mi
637 1811 744 1886 deleri
760 1810 950 1884 existimant
970 1834 1081 1886 vaccae
1098 1815 1195 1884 urina
1215 1858 1225 1893 ‚
1252 1815 1290 1885 &
1310 1812 1476 1885 medicata
1526 1811 1650 1884 uadam
1667 1835 1783 1909 aqua:
1810 1809 1912 1882 ideo·

548 1907 611 1984 'ne
625 1906 712 1980 mihi
735 1911 770 1980 in
794 1906 876 1980 anili
893 1904 1148 2006 superstitione,
1176 1908 1232 1981 vel
1254 1910 1377 1999 junicis
1394 1838 1740 1989 tufaerbaelitarum,
1768 1906 1828 1979 vel
1850 1932 1912 1979 no·

566 2004 625 2082 stri
636 2000 801 2103 Baptisrni
819 2006 935 2101 imago
956 2000 1168 2103 agnoscenda
1184 2003 1256 2077 est?
1282 2006 1404 2079 Ritum
1448 2007 1596 2080 uendann
1613 2001 1837 2078 Eucharistiae
1851 2029 1911 2076 no·

434 2106 439 2116 *
566 2101 642 2179 strae
661 2098 805 2174 fimilem
822 2102 858 2172 in
876 2102 1059 2175 Mithriacrb
1079 2097 1179 2173 sacris
1195 2101 1309 2192 Perfer
1328 2030 1468 2173 obiville
1486 2148 1497 2185 ,
1531 2099 1631 2174 telles
1661 2097 1740 2173 sunt
1761 2098 1911 2194 Jallimn

566 2202 606 2274 &
619 2200 855 2279 Tanaiticum
881 2197 1000 2270 oblato
1016 2198 1172 2295 quodam
1190 2223 1277 2297 pane
1295 2244 1307 2279 ‚
1335 2220 1439 2296 atque
1459 2223 1560 2297 aquae
1574 2197 1730 2295 poculo,
1760 2195 1910 2271 solenni·

564 2296 631 2369 bus
654 2295 766 2367 verbis
788 2318 832 2366 ex
856 2292 1002 2366 formula
1024 2294 1174 2383 adjectis.
1226 2293 1332 2392 Apud
1351 2304 1513 2370 Peruanos
1541 2293 1800 2368 celebrabantur
1823 2319 1911 2393 quo·

566 2394 679 2466 tannis
697 2386 873 2466 Paschales
892 2390 1053 2489 quaedam
1073 2393 1285 2464 ceremoniae.
1339 2394 1452 2465 Certis
1468 2392 1589 2464 diebus
1611 2391 1845 2463 immolabant
1865 2396 1910 2464 Α·

566 2512 677 2590 gnum
695 2486 906 2567 candidum,
934 2487 1077 2561 farinam
1097 2488 1171 2577 ejus
1188 2486 1388 2559 imbuebant
1407 2481 1568 2588 sanguine
1585 2487 1836 2586 ,rpopuloque
1857 2514 1912 2562 co·

566 2584 775 2658 medendam
803 2582 1080 2665 distribuebant,
1107 2607 1146 2656 ac
1163 2584 1231 2655 Dei
1249 2578 1300 2656 sui
1319 2580 1519 2683 sanguinem
1544 2580 1607 2656 elle
1629 2629 1641 2664 ‚
1667 2585 1853 2666 Divinitus
1872 2582 1912 2657 ad

567 2675 604 2755 se
624 2675 785 2763 millum,
811 2680 1049 2766 affirmabantc
1074 2701 1114 2752 ut
1130 2681 1178 2751 ita
1199 2704 1277 2755 curn
1298 2680 1368 2755 Sole
1386 2683 1425 2753 &
1443 2687 1534 2757 Unca
1556 2726 1568 2765 ,
1594 2676 1659 2753 srve
1673 2684 1805 2779 Rege,
1835 2683 1912 2755 novi

506 2773 513 2788 '
568 2773 708 2849 sedens
736 2771 932 2847 societatem
958 2772 1207 2848 contraherent.
1267 2780 1311 2849 Et
1345 2782 1511 2852 Mexicani
1529 2774 1706 2851 solennem
1724 2780 1911 2875 quotannis

568 2870 664 2943 diem
683 2867 860 2943 celebrasse
876 2872 1036 2944 dicuntur
1056 2918 1067 2952 ,
1096 2896 1168 2969 quo
1191 2868 1406 2946 fimulacrum
1426 2900 1445 2946 a
1466 2875 1593 2972 puellis
1613 2880 1689 2946 Deo
1707 2870 1814 2949 sacris
1834 2922 1847 2958 ,
1873 2899 1913 2951 ex

488 3027 491 3032 .
537 2989 539 2994 ’
569 2964 679 3042 serina
696 2968 734 3039 δι
753 2966 857 3040 melle
875 2966 1032 3063 pillum,
1066 2972 1105 3043 &
1124 2970 1259 3065 magnis
1273 2976 1476 3045 ceremoniis
1498 2969 1754 3053 consecratum,
1782 2973 1915 3071 poulo

537 3109 539 3115 -
569 3060 824 3142 comedendum
842 3062 1087 3138 distribuebant
1108 3090 1121 3151 3
1156 3066 1205 3135 ita
1226 3067 1294 3137 Dei
1315 3062 1365 3137 sui
1386 3092 1510 3169 corpus
1529 3068 1708 3141 comedere
1730 3065 1764 3140 se
1792 2998 1915 3144 asseve-

570 3181 694 3238 rantes.
721 3158 934 3234 VidHuett't'
952 3162 1107 3237 aunan.
1166 3159 1246 3246 nell.
1258 3159 1314 3234 lib.
1328 3185 1385 3238 11.
1404 3184 1472 3262 cap.
1482 3190 1544 3239 xx.
1557 3172 1694 3251 §.vm-
1735 3167 1915 3243 Fauuntur

445 3313 455 3340 „
570 3257 635 3357 qui
653 3280 699 3330 ex
713 3255 930 3369 Eucharistiae
942 3160 1261 3333 christianasbcris
1274 3253 1394 3333 similia
1403 3256 1565 3335 arccllunt
1577 3284 1785 3361 nugamenta
1800 3290 1814 3353 3
1842 3288 1915 3365 quoe

490 3417 496 3426 .
569 3352 621 3429 nil
639 3350 698 3427 nili
717 3348 950 3453 superstitrone
967 3358 1330 3455 captarum-mentium
1351 3358 1499 3431 ludibria
1515 3355 1603 3432 sunt.

391 3466 512 3534 xxm
668 3453 829 3525 xxxn.
855 3450 924 3525 Sed
941 3456 979 3525 δι
992 3477 1071 3551 quae
1088 3453 1180 3551 apud
1199 3459 1379 3549 Juearanos
1403 3456 1538 3528 inventa
1559 3480 1763 3542 narrantur,
1795 3484 1912 3536 eorum

391 3542 525 3623 Μ’·
572 3540 859 3660 aliquammulta‚
883 3548 985 3660 'verbi
1004 3553 1137 3662 gratia,
1165 3575 1265 3623 xxxv
1280 3551 1413 3623 diemm
1425 3554 1615 3642 jejunium,
1643 3554 1803 3630 summus
1817 3554 1916 3633 sacer·

391 3610 563 3754 ‘'mm''
573 3644 640 3717 dos
658 3666 734 3754 qur·
748 3650 838 3739 Papa
856 3643 989 3757 dreanrr
1005 3669 1018 3735 3
1041 3668 1128 3720 rtem
1146 3646 1261 3758 cultus
1278 3649 1316 3718 δι
1343 3669 1481 3723 ornatus
1504 3646 1721 3724 sacerdotum
1749 3661 1914 3729 Peram-

389 3768 478 3867 fif„
492 3764 645 3852 cracem
656 3738 708 3853 ‘ad
722 3737 825 3814 illum
849 3737 1120 3908 Christianum
1136 3740 1386 3914 Episcoporum
1405 3746 1569 3819 accedens
1581 3774 1601 3859 ,ς
1634 3747 1715 3821 alibi
1730 3752 1914 3835 confessio,

385 3859 548 4017 mu
572 3838 1917 4046 rsaaterrerentur'referret

393 4015 454 4126 'f'
599 4029 736 4143 rudenti
753 4051 866 4103 rerum
881 4027 1082 4107 aestrmatore
1128 4057 1168 4104 ro
1194 4030 1386 4145 Apostolici
1414 4033 1660 4111 Christianismi
1678 4037 1845 4136 reliquiis
1859 4040 1915 4116 ba·

572 4056 648 4203 bera
667 4148 738 4199 non
756 4125 914 4200 debeant.
963 4134 1066 4241 Ineo
1103 4152 1166 4202 ane
1191 4124 1253 4202 srbr
1269 4130 1407 4229 placent
1426 4134 1594 4244 Romanae
1610 4130 1767 4208 Ecclesrae
1783 4142 1918 4213 Dodo·

573 4248 659 4306 res,
712 4221 787 4338 uod
801 4225 838 4297 δι
853 4220 1127 4324 superstrttonum
1145 4221 1310 4310 suarum,
1347 4231 1466 4338 Yeterr
1497 4227 1757 4306 christianismo
1780 4234 1918 4347 ignou-

573 4342 675 4403 rum,
686 4247 848 4434 qspectent
868 4321 1042 4434 quandam
1063 4322 1158 4438 apud
1170 4323 1333 4399 Barbarae
1352 4322 1430 4398 istas
1446 4347 1567 4423 gentes
1591 4325 1855 4427 deprehendrlle
1866 4332 1919 4408 ri·

572 4414 731 4509 demun
780 4416 1046 4519 runcmpense
1062 4426 1207 4517 radent,
1235 4420 1918 4526 maammsaquaeoogerttaeamnn
