4667 5442
1304 502 1607 596 'DE
1751 502 2406 598 Uxonn
2552 491 3081 603 Lot-1(
3380 516 3569 626 147

974 664 1237 736 nimium
1268 659 1563 736 tribuere.
1665 671 1868 739 XXI.
1919 666 2093 764 Qae
2130 686 2338 741 tamen
2358 670 2459 739 hic
2497 669 2653 741 nihil
2688 671 2935 742 invenit
2977 670 3142 766 quod
3160 666 3385 740 merito
3426 664 3573 736 bor·

972 779 1134 831 reat.
1238 766 1481 832 XXII.
1534 762 1767 859 Qum
1810 767 1897 838 (θ’
1939 765 2076 834 aliae
2113 767 2488 838 mutationes
2512 810 2534 845 ,
2606 767 2750 837 huic
2794 770 3233 863 quodammodo
3282 760 3565 853 similes»
3602 795 3606 800 ’

973 858 1040 926 in
1100 875 1330 927 natura
1390 860 1820 932 inveniantur.
1922 866 2210 934 XXIII.
2265 864 2482 935 Etiam
2521 862 2792 934 homines
2833 866 2900 935 in
2929 862 3199 950 salaria
3236 880 3349 932 aut
3415 859 3566 953 lapi·

974 956 1123 1024 deas·
1165 949 1334 1048 quast
1358 949 1603 1035 statuas
1633 960 1881 1030 mutati.
1983 958 2236 1031 XXIV
2229 1011 2245 1029 .
2321 962 2665 1031 Paradoxa
2700 961 3144 1053 interpretatio
3203 961 3342 1027 vim
3396 952 3568 1041 fhcit

977 1046 1192 1119 verbis
1255 1046 1533 1127 historiae.
1634 1056 1865 1127 XXV.
1940 1054 2236 1151 aliusque
2277 1052 2685 1145 firmamenta
2730 1054 2990 1153 prorsus
3039 1054 3190 1144 sunt
3248 1050 3562 1124 invalida.

976 1148 1241 1218 XXVI.
1295 1142 1773 1233 Objetvationes
1808 1151 2126 1248 praHicae.
2738 1162 2746 1172 '
2891 1205 2900 1217 ·

3892 1265 3924 1293 N

1005 1347 1398 1456 ’ἓξὲξ-ἒξ]
1418 1347 1486 1407 N
1529 1342 1772 1413 animae
1806 1339 2121 1414 humanae
2158 1337 2572 1414 admirandis
2598 1389 2619 1424 ,
2675 1339 2721 1414 si
2752 1367 2888 1413 non
2930 1342 3305 1438 principem
3331 1388 3353 1423 ,
3411 1342 3558 1414 exi·
3580 1336 3629 1396 1·
3657 1331 3911 1397 Mena-‚-

961 1491 981 1507 ...
1085 1455 1113 1535 ᾗ
1185 1435 1370 1536 [ἣμὲ
1470 1438 1689 1507 mium
1728 1461 1903 1511 certe
1943 1438 2177 1511 locum
2217 1464 2512 1511 meretur
2558 1464 2634 1511 ea
2684 1439 2963 1510 facultas
3021 1462 3230 1534 quam
3287 1463 3557 1509 memo·
3576 1408 3881 1541 &23:3¹⁹

1270 1603 1274 1607 ,
1322 1543 1374 1560 “
1470 1534 1639 1603 riam
1667 1531 2163 1631 nuncupamus·
2269 1540 2448 1622 Qae
2468 1534 2681 1606 veluti
2722 1531 3001 1606 sanctius
3033 1535 3281 1604 mentis
3315 1533 3555 1605 nostrae
3578 1558 3760 1631 nostra
3783 1558 3881 1633 ρ.

1176 1658 1194 1687 2·
1470 1630 1776 1701 aerarium
1820 1630 1910 1703 est
1951 1677 1971 1711 ,
2053 1632 2122 1701 in
2171 1654 2314 1726 quo
2378 1626 2666 1701 thesauri
2726 1629 3127 1726 infatigabili
3194 1629 3554 1728 diligentia
3577 1641 3747 1693 cutm
3775 1634 3863 1708 el?-

1314 1768 1334 1823 ς
1380 1730 1384 1731 ’
1466 1725 1728 1795 eolleffl
1767 1726 2267 1806 reconduntur,
2324 1727 2445 1796 ubi
2478 1723 2633 1797 usus
2657 1729 2780 1797 erit
2814 1724 3288 1821 depromendi.
3342 1763 3356 1772 -
3398 1730 3558 1797 Hu-

1101 1855 1117 1865 *
1190 1819 1210 1840 ⁴⁵
1258 1835 1262 1839 ’
1358 1828 1374 1847 ’“
1462 1823 1569 1909 jus
1605 1842 1833 1912 autem
1872 1823 1965 1893 rei
1995 1821 2244 1894 modus
2275 1846 2415 1894 tam
2459 1820 2551 1893 est
2577 1820 3062 1895 inextricabilis
3090 1867 3110 1901 ,
3167 1843 3244 1891 ut
3265 1820 3556 1894 acutissi-

878 1919 974 1985 mi
1018 1910 1597 2009 Philosophorum
1639 1918 1813 1991 inter
1857 1910 1931 1989 ea
1968 1917 2324 1990 retulerint
2356 1965 2379 1999 ,
2437 1942 2595 2015 quae
2647 1919 2875 1989 mirari
2920 1942 3048 1988 nos
3101 1922 3293 1990 Deus
3337 1965 3358 1999 ,
3415 1943 3555 1989 non

882 2008 1046 2083 scire
1087 2058 1106 2089 ,
1164 2011 1411 2082 voluit.
1518 2015 1698 2099 Quis
1736 2016 1918 2086 enim
1963 2016 2343 2110 concipiat,
2399 2039 2546 2111 quo
2575 2019 2774 2111 pasto
2822 2008 3100 2083 infinitae
3139 2038 3365 2085 rerum
3400 2010 3556 2111 spe·-

823 2133 832 2142 ·
878 2112 1014 2178 cies
1059 2107 1351 2180 facultati
1395 2107 1598 2190 huic,
1653 2112 1844 2199 cujus
1889 2112 2199 2207 operatio
2235 2104 2711 2204 omnis'parvo
2740 2110 2991 2181 cerebri
3014 2104 3227 2205 spatio
3266 2112 3556 2183 circum·
3632 2134 3639 2140 ·

881 2200 1119 2299 scripta
1158 2204 1247 2275 est
1274 2251 1294 2283 ,
1353 2206 1866 2299 imprimantur,
1925 2232 2045 2279 nec
2090 2230 2317 2277 tamen
2345 2206 2888 2294 confundantur:
2945 2207 3020 2275 &
3051 2228 3444 2301 quanquam
3482 2208 3553 2277 in

877 2300 1163 2372 humida
1186 2303 1257 2370 &
1278 2299 1556 2372 flaccida
1586 2304 1825 2398 capitis
1858 2299 2215 2374 substantia
2236 2297 2520 2375 resideat
2555 2348 2575 2382 ,
2633 2304 2746 2372 ubi
2773 2303 3135 2374 continuus
3163 2297 3548 2398 spirituum,

878 2423 1063 2494 quos
1099 2418 1383 2477 vocant,
1440 2400 1836 2480 animalium
1874 2425 1995 2496 per
2034 2395 2334 2484 infinitos
2366 2399 2705 2470 meatulos
2730 2393 2955 2472 cursus
2991 2422 3067 2468 ac
3106 2395 3404 2492 recursus
3433 2398 3546 2479 est,

874 2514 1178 2591 receptas
1220 2516 1447 2566 tamen
1486 2490 1738 2591 species
1772 2518 1912 2566 tam
1960 2492 2246 2566 fideliter
2284 2490 2458 2591 saepe
2491 2489 2839 2567 conservet
2885 2518 2906 2578 3
2961 2518 3182 2587 eoque
3220 2493 3403 2566 locet
3441 2519 3555 2566 or-·

878 2591 1040 2661 dine
1076 2614 1151 2662 ac
1200 2614 1382 2659 nexu
1424 2637 1444 2671 ,
1502 2614 1581 2662 ut
1623 2591 1708 2662 ad
1746 2594 2109 2688 imperium
2152 2591 2530 2662 voluntatis
2577 2616 2751 2663 nunc
2790 2587 2897 2661 hae
2928 2585 2992 2660 se
3033 2587 3253 2661 sistant
3296 2636 3315 2671 ,
3375 2615 3553 2663 nunc

875 2689 1064 2771 illae,
1116 2689 1188 2757 &
1222 2685 1333 2755 vel
1374 2712 1614 2758 omnes
1655 2684 1905 2769 adsint,
1961 2687 2074 2759 vel
2116 2686 2479 2785 plurimae,
2536 2687 2648 2758 vel
2688 2682 3019 2783 singulae?
3069 2691 3164 2757 At
3200 2710 3283 2757 eo
3322 2682 3556 2757 discri-
3630 2705 3636 2716 ·

878 2788 1063 2855 mine
1091 2830 1111 2863 ,
1170 2805 1247 2851 ut
1282 2785 1597 2879 quamvis
1638 2784 1969 2880 imagines
2015 2786 2080 2854 in
2128 2784 2375 2855 eodem
2415 2785 2687 2855 cerebro
2714 2781 3128 2853 stabulentur
3155 2829 3173 2862 ,
3232 2777 3555 2878 quaedam
3606 2797 3643 2838 ’-

874 2907 1099 2956 tamen
1128 2878 1367 2976 praesto
1402 2875 1525 2951 lint
1567 2882 1782 2952 veluti
1815 2881 1999 2952 ultro
2044 2883 2113 2951 δε
2152 2875 2444 2969 injuffae,
2504 2906 2637 2951 non
2681 2879 2874 2950 aliter
2918 2902 2991 2951 ac
3021 2872 3066 2948 fi
3108 2880 3177 2949 in
3204 2879 3409 2950 labris
3432 2905 3560 2949 na-·

876 2993 1140 3062 tarent3
1193 2977 1513 3067 quaedam
1547 3002 1691 3050 non
1734 2973 1851 3049 nifi
1888 2978 2198 3075 longiore
2241 2976 2686 3048 meditatione
2729 2970 3049 3055 subeant,
3111 2969 3294 3070 quast
3329 2998 3587 3071 precaa·

870 3078 979 3148 rio
1018 3076 1089 3144 δε
1134 3075 1363 3144 invitae
1402 3071 1746 3156 adessent3
1800 3074 2119 3171 quaedam
2160 3091 2421 3144 vocatae
2463 3069 2737 3162 &juss‘ae
2764 3066 2975 3141 adesse
3016 3066 3359 3150 recusent,
3403 3079 3580 3141 tan-·2¹

872 3197 1089 3270 quam
1132 3171 1333 3240 altius
1377 3171 1700 3270 repostae,
1758 3194 1835 3241 ut
1879 3197 2019 3241 non
2055 3165 2171 3240 nisi
2207 3195 2325 3265 per
2380 3190 2706 3240 attentam
2741 3161 3309 3237 reminiscentiam
3366 3168 3560 3235 cxci-⁰

866 3271 1000 3340 tari
1044 3272 1112 3337 δε
1143 3268 1206 3334 in
1236 3275 1540 3360 apertum
1569 3266 1850 3362 produci
1881 3288 2157 3359 queant.
2259 3273 2574 3357 Ingentes
2613 3259 2762 3332 sane
2805 3261 3060 3330 Divino
3094 3262 3385 3330 Numini
3426 3281 3561 3354 pro·

867 3390 1014 3438 mm
1063 3361 1447 3431 admirabili
1481 3362 1796 3430 facultate
1827 3360 2157 3430 debemus
2187 3362 2463 3454 gratias·
2567 3356 2761 3443 Qaid
2795 3357 2977 3425 enim
3019 3356 3247 3425 omnis
3291 3354 3552 3425 studio-

868 3488 1025 3534 rum
1071 3455 1419 3536 molestia,
1479 3457 1652 3551 quid
1686 3456 2211 3527 meditationum
2246 3454 2454 3549 longa
2483 3453 2771 3523 intentio
2796 3497 2816 3531 ,
2874 3451 3046 3546 quid
3073 3453 3559 3523 inventionum

873 3549 1274 3629 industriosa
1318 3553 1601 3624 felicitas
1646 3553 1844 3624 nobis
1879 3546 2213 3648 prodesset
2243 3596 2264 3632 ,
2323 3544 2442 3621 nisi
2487 3543 2960 3644 repositorium
3014 3546 3299 3714 aliffluod
3336 3546 3557 3620 habe«
3621 3552 3627 3558 ’

874 3678 1102 3725 remus
1139 3699 1159 3732 ,
1234 3651 1340 3723 cui
1377 3673 1484 3720 tot
1517 3674 1850 3720 annorum
1893 3648 2083 3720 labor
2111 3668 2265 3719 tuto
2307 3645 2486 3719 credi
2530 3670 2604 3715 ac
2642 3644 2985 3716 committi
3024 3668 3121 3741 po
3176 3643 3285 3714 et?
3732 3651 3741 3659 “

1069 3756 1156 3821 11.
1216 3753 1474 3819 Verum
1523 3770 1665 3842 quo
1705 3744 2174 3817 admirabilior
2212 3791 2233 3825 ,
2290 3767 2436 3841 quo
2486 3742 2724 3813 utilior
2777 3741 3134 3838 magisque
3195 3734 3640 3841 necessarial}
3688 3746 3938 3809 Calida·-

878 3845 1078 3919 nobis
1116 3844 1227 3916 ista
1260 3843 1537 3916 facultas
1575 3843 1664 3914 est
1689 3891 1707 3923 ,
1767 3868 1847 3913 eo
1885 3839 2239 3913 sollicitius
2280 3839 2559 3936 operani
2587 3838 2745 3908 dare
2787 3857 3065 3933 oportet
3103 3882 3124 3918 ,
3181 3862 3268 3909 ne
3314 3837 3692 3934 minu-'⁶⁸34’
3725 3846 3828 3884 Μ’·

871 3943 1042 4016 tulis
1087 3942 1486 4037 nulliusque
1514 3942 1713 4033 pretii
1754 3940 1956 4010 rebus
2010 3986 2028 4018 ,
2086 3939 2283 4033 nugis
2324 3945 2531 4036 atque
2569 3934 2953 4028 crepundiis
2996 3980 3016 4013 ,
3074 3902 3904 4052 quaslservareffsstsssssae·

867 4037 1045 4113 nihil
1079 4040 1355 4117 attinet,
1412 4059 1728 4133 magnam
1772 4058 2030 4131 partem
2068 4060 2111 4102 o
2162 4033 2425 4130 pleatur
2465 4056 2488 4117 3
2538 4029 2764 4101 multo
2798 4030 3058 4130 magis,
3115 4055 3199 4101 ne
3222 4033 3662 4128 pravis&que
3692 4073 3827 4108 com.

871 4136 1107 4209 noxiis
1129 4131 1476 4232 speciebus
1500 4180 1520 4214 ,
1577 4155 1746 4227 quas
1778 4058 2157 4216 meministi:³
2189 4148 2438 4207 nocet,
2543 4119 2909 4198 rofanetur‘.
3011 4131 3180 4198 Non
3224 4124 3341 4199 nifi
3382 4128 3821 4225 pul-'vitanda

873 4231 1205 4304 cherrima
1240 4253 1537 4328 quaeque
1563 4274 1582 4309 ,
1638 4223 2096 4326 pretiosillima
2131 4250 2205 4296 ac
2244 4152 2634 4295 sanstissima
2657 4269 2676 4302 ,
2732 4216 2954 4293 sancto
2991 4225 3228 4295 aerario
3275 4224 3398 4296 isto
3439 4224 3555 4295 di-'
3589 4222 3706 4262 ¹⁰⁸⁸·

874 4350 1014 4423 gna
1038 4322 1235 4412 sunt,
1288 4351 1587 4425 quorum
1609 4323 1986 4397 recordatio
2024 4325 2095 4393 &
2129 4316 2605 4417 sapientiores,
2665 4321 2737 4388 &
2770 4318 3136 4406 meliores,
3192 4323 3265 4391 ὃ(
3293 4320 3379 4391 ad
3401 4319 3555 4391 lau-⁶

875 4424 1051 4494 dum
1089 4423 1489 4496 Divinarum
1539 4420 1955 4517 praeconium
2020 4416 2468 4490 instructiores
2523 4413 2786 4486 reddat.
2876 4414 3094 4488 'Talia
3134 4439 3380 4490 autem.
3407 4439 3555 4511 prae

2240 4515 2309 4581 T
2363 4537 2404 4583 2
3290 4511 3552 4581 caeteris
