4667 5442
529 451 879 585 H'rsronra
943 465 1528 612 Hrnnosotrirm
1600 511 1696 618 303

352 653 421 725 mis
436 650 589 728 muldati
611 657 726 730 modis
740 657 901 756 plerique
917 681 1037 729 eorum
1058 660 1092 730 t‘n
1112 662 1169 729 via
1191 657 1281 732 soede
1297 659 1484 756 perierunt.
1539 659 1699 747 Gorbefri·
1705 675 1827 752 plerique
1839 676 1870 732 in

351 752 413 823 duc
432 750 627 833 uelimus,
653 779 763 851 quum
783 752 1018 830 incredibilem
1032 757 1256 827 cruciatorum
1283 754 1540 828 multitudinem
1562 749 1840 846 essede-vc'afade
1940 843 1943 850 Ι

377 843 597 932 rehenderet‚
625 847 818 925 consultum
833 851 960 933 duxit,
981 874 1045 931 ut,
1067 853 1106 922 ¹in
1124 872 1193 924 tres
1205 852 1350 924 distincti
1364 854 1554 934 exercitus,
1583 843 1851 925 diver-P‘m'm·

349 871 393 1013 sis
411 943 591 1018 itineribus
608 946 643 1018 in
662 950 843 1020 Orientem
859 948 1118 1021 contenderent.
1172 953 1216 1020 Et
1227 950 1380 1046 primum
1399 949 1542 1046 quidem
1567 952 1698 1022 exerci-

347 1058 427 1110 tum
453 1048 551 1114 Petro
581 1044 728 1115 Eremitae
748 1044 945 1115 ducendum
965 1044 1076 1115 dedit.
1125 1053 1158 1118 ls
1186 1045 1231 1116 ad
1248 1044 1424 1133 Gotheftt'dl
1446 1048 1553 1118 Ducis
1578 1071 1697 1118 exem·

346 1133 480 1229 plum,
507 1161 581 1233 quo
609 1141 791 1212 evitaretur
813 1137 990 1219 confusio,
1028 1138 1100 1212 suas
1126 1144 1250 1213 iterum
1271 1143 1387 1238 copias
1411 1142 1447 1213 in
1475 1140 1559 1212 duas
1583 1165 1696 1238 partes

349 1227 546 1327 dispescuit.
598 1234 708 1308 Alteri
725 1235 877 1334 praefecit
896 1238 1083 1309 cannetum
1094 1238 1267 1333 quendam
1289 1283 1303 1318 2
1336 1237 1483 1308 militem
1501 1238 1691 1334 egregium,

346 1350 584 1426 cognomento
605 1336 836 1413 senzavehor,
861 1330 975 1424 (nunc
992 1332 1113 1407 dicunt
1133 1334 1231 1404 Galli
1244 1340 1321 1403 Sans
1341 1329 1460 1423 avoir)
1488 1336 1550 1430 qui
1570 1335 1604 1404 in
1620 1359 1694 1404 ma·
1709 1338 1769 1399 All.
1783 1336 1856 1405 Aru.

343 1444 416 1521 gna
437 1418 596 1499 societate
618 1432 880 1522 Francigenarmn
897 1429 1080 1526 peditum,
1106 1435 1184 1500 odo
1197 1425 1311 1501 solum
1322 1430 1456 1526 equites
1467 1428 1605 1509 habens,
1631 1432 1693 1501 iter
1708 1414 1776 1546 Ηῖξ·
1794 1413 1873 1479 ⁸⁵²⁸

343 1524 606 1616 perungerem
643 1521 759 1597 versus
787 1523 1080 1621 Constantinopolin
1113 1521 1287 1622 aggressus
1311 1524 1387 1599 estc
1421 1526 1525 1598 Initio
1548 1526 1692 1622 quidem
1706 1493 1774 1645 a
1787 1506 1856 1629 ζἠ.
1926 1550 1932 1558 ·

345 1611 428 1687 satis
475 1614 608 1716 rospere
631 1647 643 1707 3
667 1623 761 1692 viam
780 1617 840 1727 ipsi
862 1624 899 1693 δε
918 1642 1148 1695 commeatum
1175 1624 1362 1693 catomo
1393 1625 1594 1717 ungarorum
1615 1645 1698 1721 rege

345 1641 507 1786 munilce
528 1717 720 1812 praebente:
747 1718 809 1789 nili
830 1719 930 1815 quod
949 1722 1072 1811 Ungari
1084 1718 1228 1815 quidam
1252 1714 1396 1792 sedecim
1418 1717 1645 1791 exmilitibus
1659 1743 1697 1789 e-

341 1806 402 1899 jus
418 1811 549 1894 armis,
577 1813 747 1895 vestibus,
775 1838 859 1887 auro
880 1837 984 1913 atque
1000 1838 1143 1913 argento
1156 1812 1391 1911 spoliaverint.
1439 1815 1547 1903 Quod
1567 1815 1627 1887 vix
1641 1815 1697 1887 di·

345 1926 458 2070 gnum
477 1932 670 1982 memoratu
681 1910 879 1991 videretur,
905 1909 967 1984 nili
977 1937 1031 1982 ma
1058 1912 1110 1984 nis
1120 1910 1302 1992 cladibus,
1326 1913 1381 1983 uti
1398 1936 1485 1984 mox
1499 1910 1692 1991 audiemus,

375 1996 491 2073 edisset
507 2003 728 2080 occasunem.
780 2012 828 2079 At
846 2008 908 2080 ubi
920 2011 957 2079 in
978 2016 1007 2081 B
1037 2033 1191 2104 garorum
1204 2003 1519 2105 finespervenerat‚
1544 2005 1631 2079 nihil
1643 2008 1695 2081 ibi

342 2097 466 2169 venale
480 2100 681 2184 inveniens,
708 2099 859 2202 permisit
871 2102 938 2177 suis
951 2130 1063 2188 oues,
1085 2106 1213 2185 boves,
1241 2102 1388 2202 pabula,
1416 2125 1604 2200 caeteraque
1615 2127 1714 2199 quae,

339 2189 421 2266 usui
435 2220 550 2280 erant,
577 2195 639 2272 suo
659 2197 718 2272 sibi
736 2202 901 2273 arbitratu
915 2227 1048 2299 rapere.
1098 2204 1192 2273 Hinc
1218 2200 1353 2295 uulgari
1376 2200 1419 2273 ad
1440 2224 1532 2271 arma
1551 2224 1698 2271 concur·
1764 2259 1771 2266 .
1838 2289 1843 2294 Ι

339 2314 486 2378 rerunt3
511 2301 692 2394 coactaque
708 2293 822 2370 subito
840 2321 977 2371 eentum
990 2302 1026 2370 de
1045 2299 1272 2398 quadraginta
1285 2297 1438 2370 millium
1455 2320 1572 2377 manu,
1591 2295 1696 2367 Gual·

340 2406 451 2459 terum
470 2415 548 2462 cum
560 2389 629 2465 suis
642 2396 678 2465 in
698 2394 818 2494 fugam
840 2398 1013 2485 coniecere
1028 2414 1051 2468 ··.
1075 2396 1140 2492 qui
1157 2419 1225 2466 non
1237 2395 1354 2491 paucis
1366 2390 1538 2465 sociorum
1553 2392 1691 2475 relidi&

341 2507 425 2556 curn
444 2482 574 2561 miseris
587 2489 770 2588 reliquiis,
793 2517 854 2588 per
864 2492 970 2567 vastas
981 2487 1184 2564 solitudines
1197 2496 1274 2561 odo
1292 2490 1426 2562 dierum
1441 2490 1563 2562 itinere
1575 2512 1695 2561 emen·

338 2575 417 2663 sas,
444 2584 506 2656 vix
526 2585 691 2659 eluctatus
706 2588 774 2674 est3
799 2587 911 2659 donec
928 2589 1072 2660 tandem
1088 2590 1247 2661 omnium
1266 2588 1405 2685 indigus
1424 2609 1534 2690 pgope
1549 2584 1697 2669 Gordian·

340 2678 505 2775 timpolim
525 2683 670 2779 appulit.
719 2688 820 2774 Pejor
840 2684 955 2755 multo
975 2708 1098 2757 eorum
1117 2684 1254 2756 fortuna
1268 2683 1357 2766 fuit,
1387 2684 1451 2781 qui
1466 2693 1600 2756 Peterem
1612 2687 1696 2757 Ere·
1826 2720 1829 2727 ·

340 2777 455 2849 mitam
476 2778 601 2856 ducem
614 2778 820 2854 babuerunt.
870 2781 972 2854 Illius
989 2785 1170 2861 exercitur,
1194 2783 1247 2853 ait
1262 2778 1432 2861 hislotia,
1455 2778 1591 2875 copiosus
1611 2796 1697 2861 erat,

338 2874 387 2947 ὁ*
401 2893 439 2945 ut
450 2900 548 2947 arena
566 2883 663 2949 mara's
678 2875 925 2951 remunerabile.
974 2883 1165 2977 Quumque
1180 2877 1327 2949 eandem
1343 2871 1493 2950 insistens
1508 2881 1603 2949 viam
1617 2872 1695 2947 abs·

339 2993 414 3066 que
435 2973 532 3045 omni
555 2974 691 3047 turbine
711 2976 755 3047 ad
775 2976 999 3058 Maeuiam,
1024 2976 1196 3073 oppidum
1215 2976 1260 3045 ad
1284 2970 1368 3046 fines
1386 2976 1533 3066 ungaria
1555 2975 1591 3044 &
1614 2973 1693 3047 Bul-
1704 2999 1777 3058 um
1787 2995 1858 3073 cap,

360 3070 457 3147 aria,
481 3066 665 3168 appulsus,
694 3072 905 3169 intelligeret
922 3097 1004 3171 quae
1021 3075 1065 3145 ab
1081 3076 1214 3164 Ungara'a
1235 3064 1398 3143 adversus
1410 3071 1561 3143 Gualtert'
1577 3065 1691 3143 socios
1726 3087 1816 3140 titt.

335 3087 510 3239 loffiliter
521 3191 652 3264 patrata
667 3194 783 3251 erant,
810 3170 911 3242 stulta
926 3170 1115 3242 ambitione
1126 3167 1286 3256 injuriam
1295 3165 1366 3237 suis
1376 3163 1506 3236 illatam
1520 3164 1693 3240 vindicare

338 3257 498 3336 instituit.
551 3271 694 3363 Itaque,
721 3288 838 3339 contra
853 3262 957 3338 fidem
979 3266 1165 3336 Calenum
1190 3262 1340 3341 datam,
1364 3261 1568 3333 Malevrllam
1584 3262 1697 3337 vica·

338 3356 420 3454 pita
445 3358 635 3459 multisque
657 3367 856 3456 Unguentum
876 3362 1083 3441 trucidatis,
1111 3383 1218 3455 qnam
1237 3357 1374 3428 invenit
1390 3380 1507 3428 rerum
1530 3357 1693 3432 omnium

340 3451 587 3530 abundantiam
605 3456 849 3532 absumendam
868 3458 936 3533 suis
957 3458 1031 3531 dat.
1081 3457 1155 3545 Qui
1171 3451 1297 3554 praedae
1314 3451 1494 3527 dulcedine
1513 3447 1617 3526 semel
1629 3478 1700 3555 gu-

339 3548 448 3634 stata,
475 3555 598 3650 procul
622 3560 718 3630 omni
737 3554 835 3629 ducis
855 3552 935 3630 obse
962 3556 1054 3637 uio,
1078 3558 1277 3645 Ungerormn
1294 3575 1333 3625 ac
1358 3548 1570 3645 uulgarem
1589 3571 1697 3628 terras

340 3645 631 3745 depopulantur:
657 3652 744 3725 nihil
766 3647 903 3727 sceleris
918 3583 981 3727 rili
1009 3676 1092 3722 uum
1115 3650 1290 3722 facientes.
1339 3648 1470 3744 ngart‘
1491 3672 1529 3722 ac
1551 3648 1699 3762 Btdgart‘,
1767 3711 1772 3719 .

339 3741 541 3925 “perfidia
558 3747 805 3832 vehementer,
830 3776 868 3823 ut
879 3776 939 3848 par
958 3678 1025 3829 eli,
1051 3747 1244 3827 commoti,
1270 3746 1375 3817 variis
1397 3768 1458 3818 eos
1469 3744 1621 3857 preliis,
1640 3771 1699 3819 tn·

340 3863 388 3912 va
413 3862 499 3923 unt,
526 3843 670 3943 fingant,
698 3847 876 3943 dissipant,
903 3842 1077 3945 spoliant,
1114 3842 1286 3916 trucidant
1308 3867 1322 3933 3
1346 3836 1391 3916 ste
1411 3863 1452 3913 ut
1467 3865 1512 3914 ex
1534 3866 1698 3915 mnume-

340 3934 443 4011 rabili
462 3937 525 4011 illa
542 3941 765 4014 multitudine
779 3945 842 4015 vix
860 3945 1002 4040 triginta
1016 3938 1200 4012 hominum
1212 3938 1325 4011 millia
1343 3981 1357 4021 ,
1383 3962 1506 4020 omnes
1528 3938 1698 4015 lassitudi-

337 4057 411 4115 ne»
439 4033 529 4108 farne
541 4083 554 4120 ,
580 4038 803 4120 vulneribus,
822 4040 1006 4119 consestos,
1020 4034 1313 4125 Consiminopolt‘m
1321 4034 1366 4107 ad
1377 4036 1566 4111 Gnatam
1578 4031 1693 4121 suum,

335 4154 441 4227 tque
456 4128 648 4217 miserum,
674 4136 772 4209 rudis
795 4137 931 4208 militiae
950 4139 1097 4208 Eremita
1121 4130 1317 4206 adduxerit.
1371 4135 1468 4203 Haut
1488 4132 1602 4205 multo
1617 4130 1696 4230 post

336 4229 482 4325 gravius
501 4228 609 4303 fatum
625 4278 638 4315 ,
666 4254 700 4304 at
717 4226 778 4301 suo
795 4234 950 4313 merito,
974 4229 1051 4301 aliis
1076 4229 1262 4311 incubuit,
1290 4230 1354 4325 qui
1379 4224 1442 4300 sub
1467 4228 1571 4300 dudlu
1589 4234 1700 4302 Gode·

335 4323 478 4410 sebasti,
497 4351 542 4400 ex
555 4329 729 4422 lnthariag
742 4352 781 4407 a,
807 4328 963 4401 Orientali
981 4330 1147 4405 Francia,
1170 4327 1364 4406 Alemant‘a,
1387 4325 1476 4397 ultra
1489 4324 1693 4422 quindecim

336 4419 481 4509 millia,
505 4423 632 4500 i‘nde‘m
647 4422 832 4531 insistentes
850 4421 1021 4527 vestigiis,
1047 4422 1085 4497 in
1107 4426 1282 4521 vegeta
1303 4421 1353 4496 ad
1369 4446 1484 4501 arcem
1500 4417 1697 4531 Mefebqgh
1842 4525 1847 4532 1

1625 4536 1695 4593 Μ
