4667 5442
990 709 1227 819 740·
1452 690 1891 784 ORA'no
1966 711 2097 780 ne
2172 687 2521 788 Ferrm
2593 709 2746 776 au
2815 681 3294 780 Innuet

996 855 1091 932 ris
1112 902 1134 938 ‚
1182 847 1479 928 consiliis
1504 900 1526 936 ‚
1580 850 1961 926 astionibus
1996 845 2131 924 suis
2154 897 2179 934 ,
2231 848 2460 947 palam
2499 848 2816 924 facerent.
2911 847 3243 930 Utinam,
3299 845 3478 921 dum
3496 849 3674 924 Han·

1000 950 1188 1025 nibal
1226 952 1448 1050 portis
1484 950 1801 1022 imminet
1839 993 1860 1030 ‚
1916 941 2232 1021 ceffarent
2258 947 2438 1019 nunc
2476 941 2716 1020 saltem
2741 941 3054 1020 intestina
3087 944 3212 1018 illa
3237 940 3444 1042 super
3465 945 3674 1018 mino-

998 1047 1095 1123 ris
1145 1047 1483 1121 momenti
1542 1042 2011 1120 controverfiis
2055 1042 2317 1115 diffidia
2353 1088 2379 1127 ,
2454 1042 2542 1116 de
2643 1043 2893 1126 uibus,
2949 1041 3292 1116 incolumi
3347 1042 3670 1139 religione

1000 1166 1076 1216 ac
1113 1145 1409 1242 pietate,
1465 1141 1734 1239 placide
1764 1138 2120 1240 tranfigere
2143 1136 2346 1211 satius
2368 1133 2565 1213 ess’et!
2696 1139 2915 1212 tinam
2935 1159 3522 1235 componerentur
3538 1161 3672 1212 tan-

999 1238 1161 1312 dem
1191 1238 1429 1312 acerba
1469 1238 1585 1311 illa
1612 1284 1635 1320 ,
1688 1240 1761 1311 δι
1797 1237 1954 1335 plus
1998 1260 2208 1334 quam
2238 1235 2514 1318 civilia,
2566 1239 2732 1331 quia
2777 1234 3107 1318 fraterna,
3163 1233 3407 1317 bella,
3455 1233 3670 1308 nullos

1002 1359 1311 1434 unquam
1351 1333 1664 1407 habitura
1700 1331 2088 1432 triumphos
2128 1332 2145 1406 ἱ
2214 1334 2504 1409 Utinam
2550 1333 2640 1404 ali
2697 1331 2928 1404 uando
2961 1331 3348 1406 coelestium
3383 1333 3672 1404 virorum

999 1434 1268 1505 animos
1309 1456 1503 1505 amor
1544 1429 1664 1502 ille
1703 1454 1851 1528 quo
1887 1428 2139 1503 coelum
2174 1431 2434 1525 regitur
2460 1451 2648 1524 regat
2679 1485 2696 1502 .
2745 1427 3075 1524 nullaque
3116 1428 3208 1500 ab
3247 1426 3415 1501 hine
3453 1428 3539 1501 de
3587 1453 3678 1500 re-

995 1525 1333 1601 hendatur
1375 1527 1730 1601 aemulatio
1774 1573 1797 1607 ,
1869 1550 2112 1622 praeter
2159 1550 2366 1597 unam
2411 1522 2581 1597 hanc
2607 1573 2629 1608 ‚
2702 1547 2781 1597 ut
2828 1519 3214 1597 commiffas
3246 1521 3375 1596 fibi
3403 1527 3526 1622 qui
3555 1549 3675 1622 que

996 1646 1222 1721 partes
1249 1671 1272 1705 ,
1327 1623 1567 1722 procul
1602 1623 1977 1695 ambitione
2019 1669 2042 1705 ,
2099 1621 2364 1717 optime
2404 1642 2674 1695 tueatur
2714 1647 2738 1706 3
2785 1642 2865 1692 ut
2902 1623 3177 1695 veritati
3204 1616 3412 1693 simul
3451 1623 3678 1734 &paci

1000 1718 1390 1796 sanuiffime
1431 1720 1583 1792 litet
1617 1745 1641 1805 3
1710 1742 1787 1791 ut
1839 1743 1986 1790 eam
2018 1743 2158 1815 qua
2195 1717 2521 1814 praeditus
2560 1717 2655 1791 est
2700 1713 3098 1814 sapientiam
3135 1763 3160 1801 ,
3218 1717 3684 1814 pulcherrimis

995 1812 1537 1892 mansuetudinis
1564 1863 1586 1899 ,
1642 1816 1988 1912 aequitatis
2026 1839 2103 1886 ac
2146 1816 2490 1889 charitatis
2533 1813 2856 1886 fruetibus
2881 1859 2902 1897 ,
2957 1838 3294 1911 tanquam
3320 1814 3678 1888 certissimis

994 1915 1276 1986 Divinae
1315 1911 1598 2010 originis
1630 1912 2090 2009 argumentis,
2144 1911 2323 1986 coelo
2379 1904 2634 1985 afferat.
2733 1915 3087 1983 Caeterum
3134 1911 3286 1985 haec
3331 1938 3494 2009 quae
3531 1912 3682 1984 cali·

997 2010 1110 2082 dis
1154 2031 1474 2106 optamus
1516 2004 1810 2106 suspiriis
1851 2052 1875 2089 ‚
1951 2031 2393 2104 quorumque
2453 2008 2917 2094 ardentiffimo
2977 2004 3320 2081 desiderio
3389 2006 3678 2106 languidi

994 2101 1370 2182 fatiscimus
1404 2151 1427 2185 ,
1482 2108 1627 2178 voti
1675 2151 1697 2187 2
1752 2102 1928 2202 proh
1967 2103 1984 2176 ἱ
2037 2104 2291 2187 dolor,
2363 2104 2511 2176 voti
2558 2105 2781 2203 magis
2817 2127 3033 2200 quam
3094 2100 3236 2201 spei
3291 2101 3450 2179 sunt
3495 2134 3514 2179 t
3563 2097 3672 2178 nis·

1000 2226 1162 2299 quae
1199 2198 1347 2299 spes
1386 2203 1809 2300 quandoque
1843 2200 2099 2274 nostras
2143 2195 2608 2276 transcendere
2633 2222 2814 2273 amat
2841 2200 2976 2271 Dei
3015 2204 3302 2297 Optimi
3357 2203 3676 2274 Maximi·

997 2323 1140 2397 que
1185 2298 1569 2397 benignitas
1614 2344 1638 2383 ,
1691 2323 1816 2372 nec
1867 2298 2313 2395 opinantibus
2364 2296 2567 2369 nobis
2608 2344 2631 2382 ,
2694 2292 3060 2397 desperatis
3113 2293 3676 2396 conclamatisque

1000 2395 1208 2472 rebus
1234 2390 1593 2470 succurrat.

1196 2497 1376 2581 Quae
1416 2516 1637 2590 quum
1662 2494 1754 2565 ita
1801 2487 1868 2564 se
1902 2491 2240 2576 habeant,
2298 2490 2607 2591 expensis
2650 2518 2828 2567 nunc
2855 2496 3066 2594 partis
3095 2491 3462 2595 utriusque
3484 2497 3674 2571 ratio-

996 2589 1204 2664 nibus
1244 2635 1266 2672 ,
1321 2609 1553 2662 utrum
1613 2589 2044 2688 praedicanda
2075 2586 2155 2662 sit
2200 2589 2632 2688 Reipublicae
2679 2591 2994 2666 literariae
3044 2590 3338 2667 felicitas
3375 2640 3400 2678 ,
3453 2620 3532 2667 an
3566 2593 3673 2663 de-

998 2685 1333 2783 ploranda
1359 2689 1602 2855 lpotius
1636 2684 1979 2760 illiusdem
2022 2688 2368 2761 calamitas
2404 2734 2426 2770 2
2484 2714 2609 2764 vos
2643 2684 2765 2786 ipsi
2791 2735 2814 2773 ,
2868 2688 3249 2765 Auditores
3291 2737 3316 2775 ,
3373 2718 3500 2790 pro
3529 2713 3672 2789 pru·

996 2783 1231 2856 dentia
1269 2807 1354 2853 ve
1412 2807 1479 2854 ra
1521 2787 1594 2856 &
1623 2786 1947 2882 aequitate
1974 2783 2421 2858 arbitremini.

1199 2880 1276 2951 Si
1311 2903 1482 2951 meae
1518 2878 1793 2960 poscitis
1816 2877 2158 2953 sententiae
2193 2908 2410 2978 praero
2462 2882 2716 2954 ativam
2738 2930 2760 2966 ,
2814 2910 3040 2983 neque
3062 2885 3394 2986 defiigere
3420 2885 3665 2984 respon·

998 2969 1255 3048 {ionem
1301 2974 1523 3061 licet3
1592 2973 1676 3047 fic
1728 2974 2001 3051 habete.
2099 2983 2269 3050 Non
2307 2979 2393 3051 ab
2422 2978 2687 3053 imilem
2746 2981 3283 3080 Rempublicam
3325 2985 3658 3057 literariam

996 3069 1137 3144 hoc
1174 3091 1485 3166 tempore
1539 3071 1756 3145 videri
1794 3076 1949 3146 navi
2010 3067 2261 3148 affabre
2298 3075 2490 3151 factae
2531 3121 2556 3157 ‚
2611 3073 3052 3177 pretiosisque
3093 3081 3440 3154 mercibus
3477 3080 3663 3179 probe

995 3164 1255 3240 onustae
1279 3213 1302 3249 ,
1358 3170 1431 3240 &
1457 3165 1723 3241 cursum
1760 3166 2201 3246 desideratam
2238 3169 2468 3248 versus
2550 3175 2790 3248 atriam
2811 3179 3070 3250 tenenti
3095 3225 3116 3259 ,
3175 3172 3293 3250 sed
3329 3204 3531 3275 quam
3551 3200 3669 3273 gu-

994 3262 1431 3347 bernatores,
1491 3287 1754 3347 nautae,
1816 3272 2161 3352 vectores,
2203 3269 2358 3344 aliis
2377 3297 2449 3345 ce
2502 3271 2816 3354 antibus,
2870 3276 3107 3370 paucis
3129 3278 3266 3347 Dei
3285 3275 3671 3346 hominum-

870 3455 875 3460 Ι
994 3386 1136 3530 gne
1166 3357 1375 3435 fidem
1422 3360 1652 3435 frustra
1684 3363 2203 3438 inclamantibus
2232 3414 2255 3449 ‚
2311 3367 2567 3440 nefario
2605 3367 2767 3441 ausu
2791 3365 3084 3467 spoliant
3107 3418 3129 3454 ,
3179 3376 3254 3445 &
3277 3371 3362 3442 de
3386 3372 3671 3467 partien-

1049 3461 1107 3531 is
1150 3459 1494 3532 mercibus
1535 3455 1845 3533 scelerate
1882 3463 2281 3536 altercantes
2324 3511 2348 3547 ,
2416 3457 2662 3536 omisso
2704 3467 3178 3563 gubernaculo
3227 3472 3442 3542 ventis
3469 3489 3674 3564 expo·

989 3577 1168 3629 nunt
1200 3602 1222 3638 ,
1278 3555 1697 3630 allidendam
1728 3560 2037 3633 cautibus
2065 3604 2090 3644 ,
2144 3557 2634 3636 absorbendam
2658 3563 3017 3649 flustibuS,
3075 3589 3198 3639 aut
3235 3565 3670 3666 diripiendam

991 3651 1465 3749 praedonibus.

1188 3748 1751 3847 Quotiescunque
1795 3750 2188 3850 praeclaram
2224 3753 2423 3830 illam
2480 3781 2703 3832 rerum
2745 3761 3157 3834 Divinarum
3203 3759 3662 3837 humanarum·

996 3867 1135 3940 que
1174 3848 1492 3919 notitiam
1534 3892 1555 3928 ‚
1614 3848 1802 3921 nulla
1840 3851 2099 3923 invidia
2131 3847 2357 3925 seculo
2401 3854 2628 3930 nostro
2665 3855 3191 3948 abjudicandam
3226 3907 3249 3943 ,
3305 3865 3541 3934 animo
3573 3860 3663 3930 in·

992 3945 1433 4022 tueor,toties
1456 3945 2115 4028 exclamarelubet‚o
2144 3946 2573 4045 splendidam
2593 3953 2815 4026 lucem
2833 3955 2918 4027 ab
2945 3953 3096 4050 ipso
3122 3964 3325 4029 Patre
3348 3957 3670 4031 luminum

988 4033 1358 4112 clementer
1394 4039 1598 4114 nobis
1642 4038 2024 4116 accensam!
2077 4069 2122 4116 o
2167 4046 2448 4130 beatos,
2502 4045 2551 4121 si
2587 4050 2766 4122 bona
2789 4044 2904 4124 sua
2921 4055 3154 4126 norint
3185 4099 3208 4137 ,
3267 4039 3501 4154 iisque
3523 4055 3672 4127 reite

886 4195 901 4206 .
983 4151 1308 4242 utantur,
1361 4137 1730 4212 mortales!
1780 4137 1928 4214 Ubi
1970 4164 2137 4215 vero
2175 4145 2486 4218 animum
2525 4169 2852 4221 converto
2893 4148 2982 4219 ad
3012 4149 3519 4250 plerorumque
3541 4172 3676 4222 eru·

992 4224 1301 4302 ditorum
1347 4275 1372 4313 ,
1425 4234 1705 4332 ingenio
1744 4237 1821 4308 &
1852 4234 2069 4312 literis
2106 4233 2245 4316 suis
2290 4239 2726 4317 abutentium
2761 4289 2785 4328 ,
2853 4239 3245 4344 superbiam
3284 4295 3312 4331 ,
3366 4250 3678 4323 acerbita-

989 4344 1137 4434 tem
1158 4369 1184 4406 ,
1237 4328 1797 4431 convitiandique
1829 4331 2267 4424 lubidinem3
2318 4337 2440 4412 ubi
2471 4336 2824 4414 confider‘o
2849 4365 3194 4454 quantum
3217 4371 3436 4421 noxae
3457 4372 3498 4418 a
3535 4341 3678 4417 sub·

989 4417 1232 4534 tilibus
1270 4423 1345 4496 δι
1376 4425 1464 4498 ad
1490 4452 1771 4501 omnem
1810 4454 1897 4503 ne
2006 4432 2192 4508 'tiam
2230 4431 2490 4510 edoctis
2535 4431 2927 4512 insanientis
2963 4434 3322 4539 sapientiae
3359 4439 3678 4543 magistris

994 4511 1408 4595 santhssimae
1447 4522 1764 4620 religioni
1796 4552 1890 4598 no
2066 4574 2091 4612 ,
2146 4532 2483 4631 omnique
2517 4534 2618 4607 rei
2669 4531 3072 4610 Christianae
3102 4537 3484 4628 inferatur,
3531 4561 3678 4636 pro-

984 4635 1077 4716 pe
1120 4611 1213 4692 est
1246 4638 1325 4692 ut
1358 4617 1645 4696 mallem
1686 4621 1915 4701 nullas
1960 4623 2215 4706 eatstan
2254 4673 2283 4717 ,
2351 4653 2570 4732 quam
2605 4653 2764 4709 cum
2817 4652 2962 4710 tam
2999 4632 3398 4716 detestabili
3465 4657 3672 4812 Ἤ
