4667 5442
633 414 944 564 unumne.
980 462 1032 557 In
1068 456 1560 560 Anrnrc.·Pnenre.
1686 449 1815 620 gn}

439 625 628 720 Scripturas
643 648 831 725 eorumque
850 650 1045 728 temporum
1070 626 1243 703 historiam
1261 627 1388 727 legenti
1409 674 1421 712 ,
1457 623 1564 717 ejusce
1584 628 1786 724 reipcogita-
1900 637 1904 641 ’

440 723 491 792 tio
513 721 592 793 oriri
615 723 731 794 animo
754 726 888 800 debeat.
942 726 1004 799 lsta
1025 748 1140 798 autem
1163 725 1350 821 procedam
1379 725 1465 808 via,
1505 748 1544 796 ut
1565 749 1603 795 ea
1631 725 1783 821 primum

444 843 523 915 quae
544 818 630 912 parti
647 819 750 905 ajenti
776 868 786 903 ,
814 845 888 895 turn
909 848 989 920 quae
1007 826 1143 920 neganti
1166 824 1276 895 favere
1297 823 1459 894 videntur
1481 846 1665 917 exponam.
1718 825 1785 891 At·

441 940 510 1010 que
534 914 596 986 hac
620 914 763 1011 quidem
792 920 1044 991 Exercitatione
1075 944 1195 991 onrnes
1225 920 1304 990 artis
1325 943 1411 990 meae
1439 916 1570 990 forulos
1589 917 1782 997 excutiam,

441 1035 480 1082 ut
496 1011 671 1108 quidquid
682 1014 724 1085 ab
744 1013 819 1086 aliis
834 1016 1015 1088 colleuum
1032 1017 1145 1088 inveni
1164 1063 1176 1096 ‚
1205 1014 1379 1111 quidquid
1392 1039 1435 1085 ex
1446 1014 1593 1111 propriae
1613 1011 1784 1084 industriae
1853 1016 1856 1020 ’

438 1132 530 1204 penu
550 1108 621 1179 ulla
640 1104 749 1205 specie
765 1109 846 1183 addi
869 1106 960 1208 polle
979 1109 1211 1209 deprehendi,
1240 1111 1277 1182 id
1304 1111 1470 1181 concinno
1491 1111 1644 1182 locatum
1663 1106 1784 1179 ordine

442 1204 687 1277 affirmantibus
708 1231 796 1280 nunc
815 1203 994 1304 gratificer.
1046 1208 1163 1279 Altera
1187 1232 1263 1304 quae
1278 1206 1362 1278 hanc
1374 1207 1521 1302 excipiet
1531 1205 1783 1277 Exercitatione

442 1305 559 1371 omnia
580 1299 694 1373 isthaec
707 1326 907 1399 argumenta
919 1306 991 1401 pari
1005 1304 1205 1402 diligentia,
1234 1300 1320 1383 fide,
1349 1302 1494 1375 candore
1508 1303 1551 1373 ad
1564 1325 1708 1374 examen
1718 1326 1784 1371 vo·

439 1420 607 1469 caturus:
637 1400 674 1469 bc
695 1400 793 1494 quod
813 1424 897 1473 vero
918 1401 1068 1473 maxime
1095 1396 1359 1472 consentaneum
1388 1393 1451 1469 elle
1476 1398 1620 1472 arbitror
1651 1395 1783 1470 calculo

440 1517 520 1564 meo
540 1494 802 1589 approbaturus.

539 1597 585 1661 ll.
614 1589 705 1660 lllud
720 1593 834 1687 itaque
857 1613 935 1665 ante
950 1597 1065 1665 omnia
1087 1592 1322 1693 digniffimum
1343 1613 1463 1663 notatu
1491 1588 1567 1673 est,
1596 1587 1705 1663 multa
1720 1592 1829 1663 err-11·
1842 1587 1935 1685 {riu

441 1684 524 1758 stare
542 1687 676 1757 Veteris
698 1685 914 1761 instrumenti
937 1690 1119 1775 vaticinia,
1148 1688 1275 1786 quibus
1292 1684 1512 1785 amplificatio
1529 1689 1623 1785 regni
1636 1686 1776 1768 Meiliae,
1791 1667 1926 1819 ⁹⁴&ss
1973 1777 1976 1782 ,

440 1783 615 1878 praeconio
635 1784 836 1880 Evangelii,
864 1784 962 1882 quod
981 1787 1125 1858 verbum
1146 1788 1242 1883 regni
1262 1785 1307 1856 est
1330 1832 1341 1867 ,
1368 1784 1581 1883 peragenda,
1615 1810 1683 1855 non
1704 1765 1940 1878 aliisz'ssvsmne

441 1875 724 1950 circumscribitur
741 1880 932 1964 limitibus,
959 1906 1066 1979 quarn
1091 1883 1153 1979 qui
1173 1879 1275 1980 ipsrus
1304 1883 1397 1954 orbis
1424 1880 1621 1953 habitabilis
1652 1880 1834 1953 limitesum
1847 1899 1956 1973 populo.

438 1968 529 2047 sunt.
580 1974 758 2047 Pollicitus
777 1976 867 2049 Filio
891 1986 989 2051 Pater
1008 1977 1084 2059 est,
1113 1978 1274 2051 daturum
1294 1975 1327 2049 se
1350 1981 1525 2074 rigentes,
1549 1980 1623 2049 imo
1646 1980 1682 2049 δι
1701 1974 1849 2067 finctum
1867 1991 1945 2029 νοω·

439 2091 554 2152 terra,
580 2072 613 2140 in
627 2066 861 2167 pollellronem
874 2072 981 2147 suarn.
995 2073 1045 2147 Ps.
1063 2100 1126 2149 11:
1145 2085 1178 2152 8.
1204 2077 1460 2148 dominaturum
1478 2099 1559 2146 eutn
1582 2069 1643 2145 elle
1660 2099 1680 2145 a
1698 2050 1951 2186 marffifjssf*

437 2192 500 2240 uno
521 2167 714 2240 adulterum
736 2222 745 2247 ‚
771 2175 813 2243 Θ*
834 2197 855 2242 a
866 2168 1051 2264 fluminibus
1078 2171 1174 2269 nsque
1198 2176 1238 2242 nd
1263 2178 1415 2243 terminos
1433 2170 1515 2245 orbis
1532 2196 1705 2244 terrarum.
1728 2170 1781 2246 Ps.
1903 2163 1914 2187 ’

440 2289 584 2339 exxrr:
615 2272 648 2345 8.
676 2261 782 2337 Zach.
804 2290 869 2340 rx:
894 2294 948 2342 10.
978 2270 1021 2341 ad
1043 2291 1199 2341 montem
1233 2267 1359 2340 domus
1387 2265 1532 2368 Jehovae
1562 2267 1781 2341 confluxuras

439 2357 502 2432 esse
529 2388 633 2434 ornnes
659 2384 800 2455 gerres:
840 2364 992 2441 dodrina
1012 2364 1204 2463 prodeunte
1228 2390 1271 2439 ex
1297 2367 1407 2437 Zione
1420 2412 1431 2447 ,
1459 2368 1496 2438 &
1513 2365 1619 2437 verbo
1637 2363 1782 2465 Jehovae

437 2454 707 2558 Hierosolymis.
729 2453 797 2558 Jes.
826 2485 883 2536 ιι.·
898 2487 940 2544 2,
965 2485 998 2554 3.
1024 2485 1063 2533 ut
1087 2460 1190 2548 insula
1219 2468 1315 2535 marai
1340 2462 1454 2560 legent
1480 2460 1641 2544 Meffrae,
1669 2484 1784 2558 neque

435 2553 582 2638 frustra,
611 2551 802 2651 exspedent
813 2584 826 2644 3
851 2560 887 2631 δι
903 2556 1074 2657 Jehovam
1091 2563 1192 2633 novis
1214 2559 1352 2632 canticis
1371 2558 1568 2640 celebrent,
1594 2557 1783 2633 aclaudem

436 2653 511 2741 ejus
530 2651 571 2725 ab
594 2658 798 2725 extremitate
816 2677 917 2732 terre.
945 2654 1206 2755 Jes.xr.11:4,
1241 2680 1303 2737 ιο,
1328 2679 1385 2730 ιι.
1411 2651 1553 2752 ipsaque
1579 2652 1666 2726 adeo
1691 2674 1783 2727 terra

432 2749 529 2847 plena
545 2750 590 2842 fit
602 2748 734 2837 scientia
756 2753 925 2845 Jehovae,
960 2751 1069 2826 veluti
1096 2758 1187 2850 aquic
1217 2747 1344 2825 alveum
1362 2758 1459 2824 maria
1478 2747 1697 2847 operientibrn.
1710 2744 1780 2850 Jes.

436 2872 547 2936 x1:9.
600 2853 767 2919 Futurum
787 2852 891 2922 etianr
910 2845 972 2921 elle
990 2870 1028 2921 ut
1038 2846 1172 2949 Jehova
1184 2875 1272 2922 unus
1292 2843 1360 2931 fit,
1387 2851 1424 2920 &
1444 2872 1571 2921 nomen
1587 2849 1658 2938 ejus
1672 2872 1782 2922 unum
1816 2853 1833 2871 ”

373 3011 391 3024 „.
434 2938 534 3041 super
552 2963 653 3019 totam
669 2964 800 3017 terram.
818 2945 923 3019 Zach.
943 2972 1039 3021 xlv:
1057 2971 1092 3039 9.
1147 2955 1254 3022 Porro
1275 2943 1514 3022 conversurum
1536 2941 1599 3016 elle
1610 2942 1784 3046 Jehovam

433 3043 481 3113 ad
495 3042 624 3137 populos
645 3040 777 3114 labium
795 3068 945 3141 purum,
974 3069 1052 3141 quo.
1066 3047 1227 3119 invocent
1244 3069 1350 3117 omnes
1379 3069 1507 3115 nomen
1527 3040 1695 3212 lehem,
1724 3066 1785 3116 co·

434 3138 542 3213 lendo
570 3164 649 3211 eum
670 3137 815 3210 humero
836 3165 906 3211 uno
930 3168 942 3226 3
975 3163 1008 3212 at
1036 3166 1078 3212 ue
1100 3168 1119 3213 e
1144 3136 1416 3229 transfluvialibur
1440 3143 1528 3233 parri
1549 3163 1584 3211 nr
1614 3139 1811 3232 AErlriopiaex

432 3232 605 3333 supplices
622 3233 760 3330 Jehovae
784 3260 862 3307 cum
876 3232 946 3309 filia
966 3166 1194 3334 digersorum
1208 3238 1281 3323 ejus
1293 3234 1445 3305 adferant
1457 3230 1517 3329 ipsi
1528 3258 1654 3307 munus
1666 3232 1779 3330 Zeph.

438 3356 480 3407 11
495 3356 522 3403 1:
537 3355 578 3422 9,
602 3356 660 3405 ιο.
709 3332 845 3421 Quibus
869 3331 1056 3404 consonum
1077 3331 1122 3403 est
1144 3331 1284 3404 alterius
1301 3328 1481 3425 Prophetae
1499 3329 1700 3401 oraculum:
1726 3324 1785 3403 Ab

434 3449 512 3503 ortu
525 3427 599 3517 sold
618 3425 712 3524 nsque
731 3432 773 3500 ad
790 3429 928 3517 occasum
944 3429 1011 3522 ejus
1036 3452 1201 3526 magnum
1221 3427 1372 3497 futurum
1395 3450 1521 3497 nomen
1542 3427 1636 3507 Dei,
1662 3427 1695 3495 in
1709 3448 1784 3520 gen·

433 3525 546 3606 tibus,
573 3528 609 3597 &
627 3528 662 3596 in
680 3528 764 3597 omni
783 3525 850 3597 loco
873 3521 1101 3598 suffimentum
1121 3522 1345 3597 adferendum
1368 3522 1502 3594 nomini
1519 3518 1634 3622 ipstus
1648 3525 1685 3596 δι
1703 3545 1784 3593 ιιιιι·

434 3649 501 3697 nus
519 3648 646 3719 purum
670 3649 681 3694 ι
714 3624 788 3717 quia
806 3646 949 3717 magnum
974 3649 1082 3696 nomen
1109 3648 1211 3696 meum
1233 3624 1296 3692 erir
1321 3623 1356 3693 in
1369 3617 1546 3715 gentibus,
1581 3621 1629 3691 ait
1645 3619 1782 3715 Jelrova

434 3725 641 3794 exerciturm.
662 3718 752 3792 Mal.
774 3741 881 3793 1:11.
932 3726 1061 3793 lterum
1080 3720 1204 3792 aliud:
1230 3722 1502 3792 inreverentur
1521 3720 1593 3791 inde
1613 3716 1653 3791 ab
1676 3715 1783 3807 occasu

435 3842 546 3889 nomen
564 3816 730 3906 Jebove,
753 3819 797 3890 d·
817 3820 888 3891 inde
901 3814 941 3888 ab
966 3836 1039 3891 ortu
1052 3818 1126 3905 srrlr'a
1138 3814 1362 3910 gloriamejra.
1393 3808 1458 3909 les.
1474 3838 1563 3888 ux:
1590 3836 1644 3906 19.
1672 3814 1784 3886 Deni-

435 3937 532 4009 que3
558 3908 757 4007 Congregabo
768 3937 985 4008 omnesgentes
997 3897 1183 4006 &linguan
1195 3938 1260 4011 qun
1272 3915 1433 3985 venientes
1444 3912 1554 3999 vifrana
1560 3909 1635 3999 fient
1641 3914 1783 4009 gloriam

434 4035 546 4085 mearn.
597 4017 720 4082 Ponam
741 4011 773 4080 in
791 4011 838 4082 hie
848 4009 996 4105 ftgnum,
1021 4012 1062 4083 (a
1083 4015 1212 4084 nrittam
1233 4035 1274 4082 ex
1292 4010 1339 4081 iria
1359 4013 1414 4104 qni
1437 4008 1593 4097 evaserint
1610 4016 1784 4104 adgentes,

434 4111 472 4182 in
492 4112 669 4187 Oceanum,
692 4105 834 4181 Palem,
860 4109 902 4180 d*
922 4110 1072 4186 udum,
1092 4106 1271 4199 jaculantes
1288 4129 1394 4185 arcu,
1421 4103 1593 4178 trabalem
1611 4108 1652 4180 <r
1674 4108 1786 4196 jaer,

434 4228 531 4291 nern3
555 4209 698 4298 regiones
722 4207 853 4302 denique
872 4203 1126 4299 longinquiffimaa
1147 4227 1212 4299 qun
1236 4229 1296 4277 non
1318 4206 1509 4274 audiverant
1524 4199 1649 4293 famam
1667 4227 1783 4285 meam,

436 4324 536 4396 neque
554 4306 703 4373 viderant
713 4300 870 4395 gloriam,
893 4320 929 4373 nr
948 4305 1085 4374 indicem
1100 4299 1239 4395 gloriam
1258 4325 1361 4374 meam
1383 4304 1417 4371 in
1431 4299 1601 4395 gentibus,
1622 4302 1690 4373 &a
1709 4291 1779 4395 Jess

434 4420 556 4479 exure
586 4406 653 4489 18,
681 4420 739 4492 ιθ.
780 4397 839 4474 Ad
857 4397 931 4478 haec
951 4444 966 4489 ,
992 4400 1030 4476 δι
1048 4423 1131 4575 qua
1147 4392 1237 4469 hisce
1253 4400 1393 4499 gemina
1410 4396 1524 4496 marita
1539 4392 1668 4476 exstart
1692 4396 1784 4505 varj.

1147 4518 1164 4575 r
1190 4515 1211 4591 3
1690 4512 1782 4567 erma
