4667 5442
691 469 805 570 Dr.
876 413 1578 570 nucariensis.-
1692 477 1788 599 183

438 631 521 706 noo
536 624 678 731 prorsus
696 634 924 734 approbatum
934 681 945 718 ,
973 634 1195 710 laudatumve
1216 631 1292 709 esse.
1342 634 1520 710 Laudatur
1538 631 1681 735 quidem
1702 633 1789 706 obe·
1796 647 1922 729 qusmods

439 727 573 804 dientia
587 729 835 842 posterorum,
862 754 985 831 utpote
1008 730 1217 831 respondens
1228 731 1398 807 voluntati
1409 735 1504 813 Dei,
1531 726 1691 831 expressae
1699 729 1942 828 prae-institutur-

438 827 1249 1001 nuentotticffnnessnznsutu
1266 806 1964 1000 uthiotasuffosso

515 1019 681 1133 ¹¹¹⁰.⁰u.¹¹²
693 1017 950 1104 exsecratione,
978 1048 1021 1095 ne
1039 979 1119 1121 quid
1139 929 1497 1124 gustaretaddscham
1521 952 1631 1097 dorset
1648 953 1880 1118 ρΙειιΙαιιιςΜμ
1912 1095 1916 1104 ,

492 1115 663 1192 'hostibut
678 1120 855 1193 vidoriam
867 1114 1088 1220 reportasset:
1116 1123 1173 1195 cui
1194 1142 1310 1197 tamen
1332 1120 1513 1197 interdicto
1530 1120 1589 1217 pie
1609 1142 1630 1191 a
1650 1116 1787 1216 populo

438 1211 727 1314 *mperatum
742 1215 800 1290 est.
1512 1273 1515 1277 .

537 1315 680 1385 XXIV.
708 1317 871 1387 Attamen
888 1312 1178 1387 committendum
1198 1338 1269 1389 non
1290 1308 1354 1389 esse
1375 1315 1539 1398 videtur,
1574 1332 1616 1385 ut
1632 1310 1783 1410 probum
1791 1329 1898 1395 mv.
1911 1324 1964 1386 Ae·

464 1407 489 1426 ''
507 1405 667 1482 hominis
685 1409 877 1508 institutum
897 1457 907 1491 ‚
935 1407 1103 1507 nusquam
1123 1414 1228 1484 etiam
1246 1419 1361 1486 aDeo
1379 1412 1556 1511 culpatum
1578 1455 1591 1493 ‚
1618 1430 1693 1481 atro
1711 1426 1879 1500 car-'Q‘n
1895 1423 1968 1488 Μ,

439 1433 534 1584 ene
555 1525 706 1579 notetur.
755 1514 872 1590 Nam,
899 1509 950 1579 uti
966 1502 1136 1580 ostensum
1159 1507 1226 1591 est,
1253 1508 1337 1583 haut
1356 1506 1623 1584 contemnendas
1641 1504 1717 1578 faeti
1734 1480 1933 1615 suidssm

440 1605 594 1680 rationes
608 1599 741 1677 babuit.
792 1608 838 1675 Et
857 1629 937 1702 quae
960 1602 1067 1675 modo
1082 1607 1117 1676 in
1134 1609 1340 1679 contrarium
1350 1603 1426 1679 sunt
1434 1605 1569 1689 alsatae,
1596 1581 1835 1700 &nequa-‘¹‘
1862 1570 1947 1638 Μ’
1946 1591 1958 1615 “

439 1723 547 1802 quun
578 1697 665 1772 tales
682 1694 783 1785 sunt,
809 1724 849 1773 ut
869 1726 939 1773 non
960 1699 1144 1775 commoda
1160 1703 1205 1774 ad
1221 1698 1309 1799 ipsas
1329 1701 1484 1802 suppetat
1494 1696 1677 1801 responfio.
1837 1683 1857 1708 ⁸

538 1799 663 1872 XXV.
688 1803 784 1872 Nom
804 1804 832 1871 1.
856 1798 1024 1872 sslicitum
1042 1823 1113 1871 non
1131 1797 1179 1872 est
1196 1800 1332 1872 arebus
1354 1799 1513 1875 concessis
1526 1794 1696 1899 licitisque
1713 1819 1788 1869 cer·
1831 1795 1922 1863 xxv·

440 1885 651 1994 eosquodam
665 1890 807 1970 confisio
826 1893 1003 1970 abstinere.
1053 1902 1131 1970 Imo
1151 1894 1221 1978 est,
1246 1896 1308 1970 ubi
1327 1897 1510 1997 prudentia
1528 1900 1566 1971 de
1582 1898 1692 1994 pietas
1712 1891 1789 1966 erd-

489 2013 552 2076 nr‚
578 2012 620 2064 ut
631 1990 675 2063 ab
692 1994 735 2066 i÷s
752 1989 992 2067 abstineamus.
1041 1991 1149 2089 Apud
1169 1993 1340 2067 Hebraeos
1363 1997 1519 2074 Natini
1539 2015 1627 2066 voto
1644 1988 1706 2064 fibi
1724 1989 1787 2062 ab·

471 2089 482 2108 '
549 2088 637 2162 tiam
653 2114 674 2162 a
692 2085 860 2163 similibus
879 2090 982 2163 rebus
1002 2089 1225 2173 indicebant,
1255 2087 1322 2164 sive
1334 2091 1379 2165 ad
1394 2113 1558 2188 tempus,
1584 2085 1650 2162 five
1662 2091 1699 2161 in
1707 2110 1787 2188 per·

441 2203 604 2290 penmm.
651 2193 690 2260 In
705 2211 783 2286 'quo
804 2187 937 2281 aliquid
953 2184 1200 2262 Rechabimrum
1218 2187 1372 2261 instituto
1382 2183 1512 2268 simile,
1538 2184 1674 2283 aliquid
1684 2186 1788 2255 etiam

442 2279 605 2360 diffinile
636 2283 696 2358 est.
747 2283 949 2357 Similitudo
973 2281 1117 2360 confiuit
1144 2286 1179 2357 in
1202 2283 1433 2359 abstinentiaa
1452 2284 1554 2358 rebus
1574 2278 1788 2450 eaeterotpuin
1939 2291 1941 2296 '

439 2377 617 2456 ooooeffie.
666 2379 917 2454 niffimssitudo
937 2382 973 2455 in
991 2406 1035 2453 eo
1055 2379 1126 2463 est,
1154 2384 1253 2480 quod
1271 2386 1427 2464 Naaeiraei
1445 2381 1484 2455 id
1497 2380 1645 2455 facerent
1656 2403 1700 2451 ex
1725 2396 1789 2474 ege

439 2477 515 2552 voti
536 2478 692 2561 Divina,
719 2502 834 2576 eoque
850 2478 894 2549 ad
912 2479 1046 2552 tultum
1066 2503 1079 2566 3
1103 2476 1257 2572 Jonadab
1268 2474 1330 2552 suo
1348 2474 1509 2562 confilio,
1536 2503 1581 2553 ex
1590 2473 1785 2577 prudentia.

438 2575 522 2652 eitra
540 2575 744 2675 opinionem
770 2575 896 2649 cultus.
948 2576 1125 2650 Nimirum
1156 2575 1349 2650 affliuionis
1373 2575 1588 2649 imminentis
1619 2568 1787 2671 cogitatio

439 2673 568 2786 nerim
590 2695 698 2772 quem
717 2695 878 2754 moveat,
905 2673 949 2746 ut'·
962 2698 1042 2771 quae
1053 2671 1157 2766 hujus
1173 2672 1490 2747 munditommoda
1499 2667 1685 2756 sunt,'fibi
1697 2688 1787 2739 tem·
1873 2723 1878 2734 .
1912 2685 1922 2710 ··

438 2765 572 2944 me
583 2791 710 2872 neget,
736 2771 962 2939 pinimumque
978 2769 1023 2844 ab
1042 2771 1087 2845 iis
1102 2793 1253 2855 avertat,
1279 2772 1386 2872 inque
1396 2796 1435 2847 ea
1446 2767 1618 2847 averfione
1629 2789 1692 2871 pet
1701 2786 1788 2839 eona

560 2889 654 2942 mem
670 2893 735 2943 eon
760 2888 860 2943 emet.
903 2921 913 2936 .

452 3005 459 3012 ·
537 2965 924 3043 xxv1.u.N0nest
952 2965 1217 3044 existimandum
1243 2960 1493 3044 observantiam
1518 2965 1605 3043 hanc
1622 2984 1714 3039 tanta
1734 2956 1787 3036 se·
1817 2950 1925 3022 xm

440 3059 799 3163 wduteproeceptam
816 3058 904 3147 esse,
932 3065 1028 3139 nulla
1043 3087 1082 3139 ut
1094 3065 1301 3141 intercedere
1316 3066 1469 3164 potuerit
1482 3089 1564 3139 exce
1590 3065 1654 3136 tio.
1704 3064 1788 3132 Ete-
1861 3072 1863 3076 '
1888 3097 1892 3108 ·

442 3157 515 3236 flu
531 3181 705 3260 praecepta
723 3185 800 3236 none
808 3184 942 3235 tantum
961 3161 1168 3245 hominum,
1196 3159 1255 3235 sed
1267 3165 1305 3235 δι
1322 3158 1425 3259 ipsius
1438 3162 1528 3243 Dei,
1553 3089 1633 3257 sdge
1644 3155 1790 3232 charita·

442 3255 488 3334 ὺ
500 3255 699 3334 condienda
718 3254 819 3340 sunt,
846 3262 884 3332 be
900 3258 1143 3357 temperanda,
1170 3262 1267 3349 juxta
1281 3258 1457 3356 regulam,
1485 3253 1709 3342 Misericordia
1733 3255 1791 3324 de·

443 3349 563 3436 Hm
588 3363 632 3432 d*
646 3379 708 3428 non
723 3351 888 3443 [orificio.
940 3354 1194 3453 interpretanda
1212 3352 1319 3453 igitur
1337 3375 1432 3426 erant
1446 3372 1615 3449 praecepta
1639 3350 1789 3442 Jomdm
1884 3349 1886 3356 '

444 3445 496 3540 Β,
515 3471 561 3526 ut
575 3473 646 3527 non
659 3449 909 3553 ¹adssringerent
921 3450 1074 3535 liberos,
1101 3447 1123 3523 st
1141 3475 1212 3550 qua
1234 3449 1324 3524 sorte
1340 3443 1465 3522 ursrsset
1486 3447 1679 3530 necessitas,
1706 3467 1788 3547 quae

445 3561 540 3628 m
638 3573 675 3624 m
693 3548 752 3624 est.
802 3549 950 3626 Proinde
970 3547 994 3624 st
1012 3573 1074 3650 per
1093 3548 1326 3623 valetudinem
1346 3542 1518 3646 quispiam
1539 3540 1788 3622 nechoram
1817 3633 1819 3638 Ι

444 3649 533 3748 ’ψ
558 3643 604 3722 ba
628 3641 727 3740 uisset
750 3649 865 3730 vino,
892 3673 953 3748 per
973 3645 1180 3740 ,Jonaoabm
1197 3646 1249 3719 uti
1273 3643 1412 3718 licebat.
1462 3639 1784 3732 Quemadmodum,

492 3743 503 3764 '
535 3743 835 3844 compellebantur
846 3746 1057 3830 necessitate,
1107 3745 1243 3818 eremiae
1253 3765 1409 3842 tempore
1421 3741 1553 3855 ingredi
1567 3735 1644 3815 sunt
1661 3739 1787 3816 urbem

444 3759 753 3933 truhman,
776 3869 840 3917 nec
858 3865 970 3916 tamen
987 3867 1067 3916 actu
1083 3865 1183 3915 antur
1204 3839 1343 3914 violate
1362 3839 1581 3915 obedrentiae.
1632 3845 1709 3912 Imo
1724 3857 1788 3911 ve·

443 3939 597 4014 ioum
611 3937 849 4014 testimonium
867 3941 910 4012 iis
931 3939 1091 4037 perhibet
1100 3943 1226 4013 exadae
1242 3926 1475 4012 observantia.
1494 3941 1572 4040 Jer.
1585 3961 1704 4014 xxxv:
1727 3939 1785 4017 18.

442 4031 533 4136 vide
546 4031 651 4110 mdes
673 4034 804 4110 erudite
825 4037 871 4109 de
887 4034 943 4109 his
963 4032 1177 4114 disserentem
1194 4044 1331 4110 Pemon
1343 4038 1534 4129 Martyron.

537 4135 697 4208 xxvu.
723 4140 784 4208 111.
806 4129 972 4226 Jomdabi
998 4134 1191 4208 institutum
1219 4129 1378 4205 nonfuit
1404 4128 1634 4232 religiofitm,
1669 4115 1915 4246 nequexffl

440 4227 628 4314 nimueei
650 4229 739 4314 fuit,
765 4253 825 4305 aut
842 4251 931 4305 certe
950 4256 1020 4304 non
1037 4228 1159 4304 debuit
1175 4222 1259 4311 esse,
1285 4228 1347 4300 reli
1375 4228 1788 4306 ionisvineuloconsbtn·
1824 4235 1826 4240 ’
1878 4245 1883 4256 ’

438 4321 750 4430 Ιρἐιιοιὶειοιιιιιι
768 4323 906 4402 suorum
927 4323 1170 4410 conscientias,
1223 4320 1290 4398 uest
1311 4324 1347 4399 in
1379 4324 1454 4398 'tuti
1469 4325 1567 4401 illiue
1579 4311 1788 4400 observatio-

439 4424 621 4528 ungis
647 4424 810 4527 placituri
833 4419 940 4518 essent
960 4429 1067 4513 Deo,
1105 4445 1167 4503 eut
1191 4349 1331 4524 dique
1354 4421 1449 4527 apud
1472 4418 1589 4529 ipsum
1614 4422 1793 4604 mer'ffiii
