4667 5442
544 458 644 567 612
841 427 1255 551 luanrcr
1325 449 1622 549 Car-IV.

360 650 436 729 pm
445 644 524 722 sa..
547 626 709 703 deamus,
732 622 811 717 quis
824 619 948 693 studius
962 613 1248 691 exconsummata
1262 616 1387 690 Christi
1406 615 1607 691 obedientia
1633 615 1686 691 ad
1706 613 1841 692 eleetos
1859 641 1903 691 re·

369 748 422 789 um
437 720 480 800 effe
548 719 693 794 dundet.
743 721 860 814 Atque
880 716 934 791 hic
949 710 1145 789 assensuma
1165 739 1222 787 me
1241 713 1342 787 nullo
1359 715 1468 788 modo
1480 717 1675 813 impetrant
1691 716 1829 813 quibus
1841 713 1904 812 pla·

369 803 511 939 ”afflat
549 839 602 893 cet
623 811 796 887 Christum
817 836 1035 912 peccatorum
1054 810 1247 885 nostrorum
1268 809 1480 910 susceptione
1501 814 1539 885 δι
1560 837 1628 911 pro
1650 813 1699 887 iis
1721 808 1902 895 solutione,

364 881 462 1017 {mx
478 900 521 1009 ,ἶ
550 912 653 988 nostri
673 934 752 985 cum
765 915 844 982 Deo
858 909 1195 990 reconciliationem,
1225 931 1330 1006 atque
1347 908 1435 981 adeo
1447 906 1592 982 salutem
1613 931 1814 991 aeternam,
1842 932 1903 981 me·

370 1028 518 1091 homnibus
550 1014 663 1098 ritum
676 1006 842 1081 duntaxat
864 1003 926 1079 elle
939 1003 998 1078 sub
1013 1005 1238 1078 conditione:
1265 1026 1304 1076 ut
1320 1028 1396 1077 tum
1409 1004 1551 1082 demum
1573 1007 1749 1080 meritum
1762 1004 1854 1080 istud
1864 1002 1903 1076 el·

369 1106 527 1190 prqlanda.
554 1109 678 1182 festum
698 1104 734 1173 in
752 1105 853 1177 nobis
871 1100 971 1177 suum
989 1101 1135 1183 habeat,
1162 1098 1186 1173 sr
1205 1102 1406 1188 credamus3
1431 1098 1527 1176 ficut
1544 1097 1670 1176 salutis
1693 1102 1825 1177 nollrae
1836 1094 1903 1199 pos·

553 1200 726 1277 srbilitasa
744 1200 881 1274 Christo
899 1202 1080 1295 impetrata
1103 1195 1173 1279 srt,
1199 1196 1290 1280 salus
1311 1221 1425 1271 autem
1443 1197 1513 1297 ipsa
1533 1225 1552 1272 a
1576 1206 1661 1272 Deo
1686 1223 1728 1273 ut
1749 1196 1901 1297 supteno

552 1300 736 1379 Domino,
764 1299 892 1393 quibus
910 1296 1022 1370 visum
1041 1294 1108 1379 est,
1135 1297 1173 1368 δι
1191 1296 1235 1368 iis
1253 1294 1537 1382 conditionibus,
1565 1321 1656 1395 quas
1689 1292 1899 1396 praescribere

554 1398 674 1475 volet,
703 1394 928 1488 impertienda
945 1392 1057 1468 restet.

373 1520 429 1584 111,
449 1512 525 1593 Q.
652 1495 714 1568 111.
738 1493 815 1589 Ego
841 1486 1006 1564 sacratum
1031 1489 1189 1565 indueus
1217 1490 1412 1563 auctoritate
1442 1487 1656 1577 literarum,
1698 1491 1899 1592 digniusque

374 1592 533 1663 ,nasutu-
558 1589 683 1678 Chtilli
702 1583 800 1678 λῦτρφ
815 1591 965 1685 pretium
987 1586 1161 1671 statuens,
1190 1582 1233 1659 fic
1258 1587 1383 1660 credo:
1411 1591 1474 1686 Jus
1492 1589 1536 1661 ad
1555 1591 1680 1663 omnia
1698 1584 1841 1687 gratiofi
1859 1611 1898 1660 te·

374 1691 426 1733 Μ’
440 1663 541 1802 “gil''
558 1691 712 1767 stamenti
724 1685 955 1757 bona-cunella
971 1680 1070 1757 simul
1089 1684 1203 1758 cledis
1222 1682 1347 1758 Christi
1358 1680 1583 1760 satisfactione
1600 1709 1749 1783 parturn
1768 1682 1896 1767 esseta-
1928 1715 1930 1792 p

376 1750 542 1882 moliare
558 1809 658 1861 tenus
678 1807 717 1859 ut
739 1780 829 1855 salva
848 1782 1045 1854 veritate&
1063 1778 1189 1869 jullitia
1205 1774 1264 1852 sua
1283 1827 1295 1862 ,
1323 1775 1418 1854 salvo
1440 1780 1565 1855 foedere
1586 1783 1691 1880 quod
1711 1808 1798 1856 cum
1819 1783 1893 1855 Filio

375 1896 496 1959 ,nuilus
558 1881 720 1982 pepigit,
747 1902 817 1952 non
864 1878 940 1950 ollrt
959 1882 1056 1950 Deus
1078 1900 1279 1975 quenquam
1302 1876 1489 1951 electorum
1505 1878 1667 1953 addicere
1687 1881 1826 1962 exitio,
1848 1895 1893 1951 aut

376 1973 548 2063 quadem
558 1978 741 2054 excludere
760 2000 807 2073 po
834 1975 958 2048 elsrone
975 1970 1092 2048 salutis
1112 1999 1125 2061 3
1149 1976 1224 2046 imo
1244 1972 1464 2048 declaraverit
1487 2022 1498 2058 ,
1528 1975 1677 2073 praestita
1693 2002 1716 2049 a
1734 1976 1845 2058 Filio,
1864 1974 1892 2045 u
1928 1975 1930 2074 ξ

372 2066 521 2131 ''ml‘''
557 2098 723 2173 acceptaa
739 2071 773 2147 se
790 2067 1032 2152 satisfactione,
1059 2068 1147 2145 nihil
1161 2071 1276 2146 electis
1289 2094 1347 2145 aut
1356 2073 1557 2168 patiendum
1570 2096 1630 2146 aut
1640 2072 1891 2146 faciendumrr·
1928 2081 1930 2116 ²

378 2144 487 2189 'm'
560 2173 667 2256 stare,
695 2196 768 2271 quo
785 2166 844 2243 srbi
863 2170 1120 2241 immunitatem
1138 2192 1158 2240 a
1176 2193 1298 2264 poena,
1325 2192 1385 2241 aut
1408 2170 1462 2259 jus
1482 2169 1527 2241 ad
1547 2172 1656 2243 viram
1681 2187 1885 2268 compareat:

557 2270 618 2345 sed
637 2270 673 2344 id
691 2271 832 2341 unicum
853 2262 891 2338 su
919 2258 1038 2348 cresse,
1058 2286 1116 2346 ut,
1139 2259 1202 2336 suo
1221 2261 1343 2361 singuli
1355 2289 1530 2434 tempore,
1549 2290 1647 2367 parto
1660 2263 1726 2341 fibi
1737 2262 1888 2365 perenn

559 2367 647 2443 stum
658 2370 730 2458 jure
738 2412 749 2449 ,
774 2366 871 2460 &po
896 2361 1020 2435 effione
1039 2388 1081 2436 ex
1102 2360 1209 2436 isthoc
1228 2363 1322 2453 jure,
1348 2386 1415 2462 gau
1443 2386 1531 2436 eam.

275 2462 279 2472 ’
378 2497 433 2562 1v,
453 2487 531 2572 Qu
657 2468 722 2538 IV.
749 2465 865 2559 Atque
877 2458 966 2534 illud
984 2458 1031 2533 est
1042 2458 1140 2558 quod
1151 2456 1338 2629 Apostolus
1352 2460 1435 2532 dicit
1448 2484 1483 2533 2.
1495 2465 1621 2535 Conv.
1640 2484 1702 2552 19.
1734 2466 1885 2539 Μαι

1547 2587 1558 2631 ι

379 2671 411 2709 ‘³‘
424 2663 454 2707 2·
463 2645 533 2707 θ’·
562 2664 643 2731 Hoc
663 2655 734 2740 est,
762 2678 872 2752 quum
888 2674 1075 2750 acceptaret
1098 2658 1196 2725 Deus
1208 2652 1424 2728 oblationem
1443 2654 1524 2728 Filii
1552 2681 1587 2727 ur
1605 2702 1617 2740 ,
1650 2658 1690 2729 in
1706 2643 1882 2729 mortemle

380 2743 421 2808 ¹²
439 2737 484 2794 ¹⁹·
560 2754 725 2856 tradentis
763 2777 803 2823 ro
820 2746 912 2832 suis,
940 2748 1066 2820 eodem
1083 2772 1239 2846 tempore
1256 2753 1292 2823 in
1312 2754 1457 2849 gratiam
1468 2755 1616 2850 recepit,
1645 2778 1719 2826 non
1732 2750 1880 2826 modom

562 2850 721 2947 liquiasl
753 2847 836 2920 aclis
852 2871 931 2944 quae
948 2844 1137 2919 secundum
1149 2845 1351 2920 eledionem
1369 2844 1465 2934 sunt,
1492 2846 1551 2923 sed
1571 2852 1609 2923 ὃ(
1626 2851 1769 2947 quasvis
1787 2865 1882 2947 genta

563 2972 602 3023 ac
620 2946 768 3020 familias
779 2962 900 3025 terrae,
955 2967 1008 3014 uae
1028 2942 1110 3015 alias
1129 2944 1165 3016 in
1181 2942 1277 3017 malo
1285 2946 1465 3035 jacebant3
1490 2946 1667 3022 declarans
1681 2944 1743 3021 srbi
1755 2970 1811 3045 pro
1819 2964 1883 3040 pet·

563 3045 648 3119 catis
672 3037 827 3141 ipsorum
847 3034 911 3113 elle
929 2968 1166 3124 llctissallum,
1205 3065 1319 3141 neque
1340 3043 1401 3116 illa
1415 3042 1552 3142 posthac
1571 3048 1779 3141 imputatum
1796 3033 1881 3114 mad

560 3140 909 3221 condemnationem,
936 3136 993 3211 vel
1009 3131 1233 3211 seclusionem
1250 3164 1270 3212 a
1286 3134 1454 3214 salutifera
1473 3138 1531 3213 sua
1541 3146 1664 3239 gratia.

381 3289 410 3351 v
444 3280 480 3339 Β,
494 3300 525 3337 ex
661 3242 707 3312 V.
735 3233 893 3308 Dubium
909 3259 980 3308 non
997 3232 1101 3307 debet
1114 3229 1198 3324 elle,
1227 3237 1311 3334 quin
1325 3234 1880 3337 impetraveritsrbiChristusluaiu
1902 3249 1906 3256 '

377 3331 541 3508 swod(
564 3359 686 3409 omnes
705 3334 869 3501 dms,
881 3328 980 3446 quod
993 3329 1162 3503 &quens
1180 3336 1375 3433 meritoque
1387 3330 1450 3431 ipsr
1462 3337 1604 3433 largitur
1615 3346 1729 3451 l'ater.
1742 3333 1789 3413 Pl.
1802 3338 1879 3412 tui.

383 3433 1053 3670 lustenam
1076 3431 1892 3697 talamana{librarium

486 3630 495 3650 ‘
563 3645 600 3698 ut
627 3626 696 3700 alus
717 3628 786 3699 Dei
809 3647 877 3698 aaa
910 3627 1011 3698 acad
1048 3643 1237 3702 nemterra.
1288 3651 1464 3701 e.xr.1x:
1554 3633 1589 3701 6.
1668 3631 1817 3702 tiuecx
1842 3646 1883 3698 ro·

562 3626 741 3909 midloses·
758 3623 823 3795 urst
835 3623 939 3796 rasso.
974 3617 1168 3819 Silosusrit
1177 3718 1214 3813 se
1234 3629 1342 3798 alima
1361 3721 1455 3822 ipsus
1472 3628 1882 3826 oldimmtlrrdreode

384 3954 439 4020 vl·
460 3952 497 4014 Ε,
511 3971 542 4009 ex
562 3821 599 3891 de
621 3839 838 3989 nlllleliieri
857 3940 927 3988 non
940 3909 1052 4012 potest
1066 3937 1106 3988 ut
1121 3911 1276 3989 Chrillus
1296 3916 1386 3991 nolit
1404 3920 1456 3989 uti
1468 3919 1541 4011 jure
1567 3916 1677 3997 isthoc
1698 3915 1787 4007 suo,
1811 3909 1884 4020 quos

381 4034 482 4115 poema
496 4049 541 4087 vo·
562 4034 632 4084 tam
645 4037 718 4087 care
736 4008 798 4086 srbi
818 4008 1008 4110 acquisivit.
1062 4011 1196 4102 Quidni
1214 4014 1305 4085 enim
1324 4018 1399 4085 adu
1412 4009 1472 4087 libi
1490 4017 1705 4102 vindicaret,
1734 4035 1887 4117 quotue·

386 4116 489 4205 luatur
500 4126 541 4201 Ψ
562 4129 600 4180 to
616 4111 728 4205 pretio
746 4106 856 4182 emit?
882 4105 956 4181 Nisa
973 4103 1141 4207 fingamus
1156 4135 1225 4182 non
1234 4106 1328 4207 posse
1339 4108 1452 4207 ipsum
1464 4111 1501 4185 id
1514 4107 1673 4188 effectum
1692 4116 1797 4201 dare,
1821 4111 1888 4190 'db-

380 4186 533 4323 dmm*
562 4199 604 4277 sa'
613 4206 754 4279 humani
772 4205 900 4279 arbitrii
918 4206 1087 4283 libertate.
1138 4208 1324 4280 Enimvero
1335 4205 1391 4280 hic
1408 4207 1547 4283 infamis
1559 4209 1757 4287 multorum
1777 4209 1889 4289 naula·

387 4286 402 4321 ‘
454 4283 475 4324 ⁸·
564 4304 625 4401 gio
642 4299 805 4400 scopulus
826 4302 884 4376 est.
939 4308 987 4375 At
1007 4327 1073 4379 nos
1092 4297 1238 4388 scimus,
1265 4302 1400 4400 pollere
1417 4302 1584 4380 Christis
1610 4308 1731 4384 iritum
1751 4312 1791 4384 vi
1806 4309 1890 4384 flexa·

562 4400 657 4476 nima
674 4402 711 4476 &
728 4398 954 4488 verticordia,
981 4423 1061 4504 que
1084 4400 1216 4482 efficere
1230 4400 1358 4489 valet,
1383 4424 1424 4478 ut
1440 4400 1480 4479 hi
1495 4404 1559 4502 qui
1625 4408 1748 4485 denua
1770 4399 1892 4581 Dipubol'

1849 4519 1889 4575 Gli

375 2570 506 2654 probam
560 2563 595 2634 in
614 2560 736 2645 Chresto
757 2562 907 2633 mamam
929 2553 1175 2652 reconcilians-fi
1195 2559 1243 2639 i,
1278 2582 1339 2629 non
1368 2560 1526 2654 imputans
1537 2556 1621 2728 με
1639 2556 1774 2651 offensae
1790 2575 1885 2631 enan
