4667 5442
607 488 968 583 Hrstoarn
1026 477 1577 581 Hrixosotxxns
1688 503 1792 613 239

435 660 592 757 Hyrcani
613 684 656 732 ex
672 654 743 732 filia
762 659 958 732 Alexandra
970 679 1127 756 neptem,
1158 660 1389 740 Mariamnem,
1413 685 1558 733 uxorem
1569 656 1631 732 fibi
1642 656 1792 758 despon-

415 757 512 830 det.
562 759 704 830 Antonia
719 756 844 828 deinde
866 759 901 828 in
924 758 1057 852 Syriam
1077 754 1251 852 proleclo,
1280 753 1349 852 ipse
1374 760 1410 830 &
1441 758 1540 831 frater
1559 759 1631 847 ejus
1650 757 1792 841 Phasae-

388 900 394 913 ·
438 853 512 934 lac,
540 852 719 927 Tetrarchae
740 852 913 926 constituti
938 856 1029 925 sunt.
1079 861 1211 923 Interea
1234 851 1350 926 Parthi
1372 879 1511 926 omnem
1533 880 1631 953 paene
1654 856 1788 951 Syriam

436 968 650 1047 occuparunt
667 977 678 1035 3
704 953 742 1021 &
762 971 801 1022 ut
820 953 1042 1044 Antigonum,
1065 948 1161 1020 mille
1179 947 1308 1021 talenta
1336 953 1597 1048 &quingentas
1626 952 1787 1023 mulieres

437 1042 518 1142 ipfis
535 1048 764 1144 pollicitum,
792 1046 1020 1127 reducerent,
1049 1044 1368 1140 Hierofosymitanam
1389 1048 1510 1119 urbem
1531 1093 1545 1129 ,
1571 1044 1679 1145 specie
1700 1049 1787 1120 ami-

437 1146 550 1224 citiae,
579 1143 733 1241 ingressi,
763 1149 947 1239 hyrcanum
968 1167 1046 1214 cum
1067 1142 1220 1228 Phasaelo
1239 1146 1274 1214 in
1293 1143 1430 1218 vincula
1461 1146 1690 1234 conjecerunt.
1742 1148 1786 1214 Et

436 1236 495 1313 hic
515 1241 677 1337 quidem,
705 1238 765 1309 ubi
787 1239 905 1312 seneci
919 1239 1120 1313 destinatum
1141 1235 1371 1336 cognovisset,
1400 1237 1496 1313 alliso
1519 1241 1563 1311 ad
1591 1236 1709 1313 saxum
1730 1264 1786 1310 ea-

435 1338 510 1433 pite
527 1340 636 1409 vitam
660 1337 822 1432 abrupit:
849 1335 901 1408 illi
927 1360 1009 1407 vero
1033 1382 1043 1417 ,
1071 1336 1282 1407 infortunato
1300 1334 1399 1419 seni,
1438 1360 1476 1408 ut
1493 1337 1537 1407 ad
1560 1334 1786 1411 sacerdotium

436 1432 637 1506 redderetur
657 1430 836 1514 inhabilis,
865 1433 993 1505 crudeli
1016 1434 1183 1529 Antigoni
1209 1429 1383 1516 consilio,
1412 1456 1594 1530 amputatae
1624 1433 1785 1506 auriculae

439 1528 530 1603 sunt.
582 1534 771 1601 Haaouas
797 1530 878 1625 suga
899 1525 1056 1626 elapsus,
1082 1550 1208 1625 praeter
1225 1553 1366 1602 omnem
1390 1526 1514 1626 spem,
1542 1535 1665 1602 Romae
1688 1534 1786 1601 aSe-

441 1648 552 1707 natu,
581 1627 712 1723 Judaeae
725 1632 803 1700 Rex
822 1626 1033 1698 declaratur:
1063 1620 1265 1722 mediusque
1277 1628 1364 1698 inter
1376 1631 1554 1701 Antoniam
1572 1652 1609 1701 ac
1627 1626 1785 1716 Cesaram,

436 1718 640 1796 consulibus
670 1720 866 1820 eaeterisque
895 1721 1147 1821 magistratibus
1184 1722 1465 1805 deducentibus,
1500 1727 1537 1796 in
1568 1723 1784 1822 Capitolium

436 1813 613 1899 ascendit,
642 1824 807 1891 &novus
827 1825 934 1902 Rex,
962 1822 1077 1917 primo
1096 1822 1192 1917 regni
1215 1814 1264 1890 sui
1281 1820 1359 1902 die,
1388 1822 1550 1893 convivio
1568 1842 1727 1918 exceptus
1737 1817 1783 1891 est

437 1913 483 1986 ab
503 1920 651 1990 Antonio.
704 1917 813 2006 Qod
831 1916 955 1990 fadum
972 1917 1018 1989 est
1040 1964 1050 1997 ,
1080 1923 1136 1987 Cn.
1158 1920 1304 1991 Domitio
1329 1918 1459 1991 Calvino
1482 1942 1538 1991 11.
1560 1922 1596 1990 dc
1620 1928 1657 1995 C.
1676 1915 1785 2006 Afinio

438 2013 582 2084 Pollione
604 2011 682 2104 Coffi
701 2014 927 2111 quadriennio
946 2014 1019 2111 post
1037 2015 1167 2087 caedem
1187 2022 1222 2087 C.
1244 2014 1366 2106 Caseus
1385 2037 1462 2089 ante
1485 2015 1635 2091 natalem
1657 2011 1783 2087 Christi

443 2106 694 2207 Dionystanum
714 2136 804 2182 anno
825 2107 918 2208 quast
943 2138 1008 2186 xa.

536 2211 636 2280 XLI.
659 2210 801 2280 Interim
817 2212 997 2303 Antigonae
1011 2207 1201 2282 Aristobuli
1213 2204 1323 2290 filius,
1348 2232 1368 2280 a
1388 2206 1522 2284 Parthis
1540 2232 1603 2283 rex
1623 2206 1948 2284 constitu-xancton
1974 2223 1975 2226 ’

434 2320 516 2383 tus,
544 2305 663 2402 Judaea
680 2307 892 2401 potiebatur.
941 2311 1060 2395 Quem
1082 2306 1270 2387 Herodes,
1299 2331 1318 2377 a
1342 2310 1535 2390 Romanis,
1563 2307 1649 2379 duce
1673 2302 1947 2389 Sosio,s?¹⁴mll⁰‘

437 2398 598 2489 adjutus,
626 2402 762 2499 magnis
793 2405 903 2497 copiis
924 2427 1164 2501 oppugnatum
1191 2406 1299 2479 venir.
1350 2410 1461 2501 Prope
1481 2427 1562 2479 tunc
1582 2403 1623 2474 ab
1641 2384 1948 2503 ῐηῑεῐίῑυξζζξζῖζῖ

434 2492 498 2568 suo
526 2498 745 2593 Hierosolyma
763 2498 886 2573 abfuit.
937 2506 1035 2572 Dum
1066 2504 1157 2573 enim
1188 2501 1405 2597 pertinaciter
1431 2501 1473 2571 ab
1498 2503 1678 2597 Antigono
1701 2499 1779 2581 stat,
1795 2526 1916 2588 aarum,

436 2618 509 2666 non
531 2619 610 2666 cum
637 2593 791 2668 hostibus
812 2591 924 2668 solum
948 2642 960 2679 ,
1000 2594 1112 2668 sed&
1134 2622 1212 2669 cum
1233 2597 1322 2669 fame
1340 2601 1377 2670 dc
1395 2599 1510 2693 inopia
1535 2597 1732 2671 luctandum
1752 2598 1904 2671 eisarnam

437 2691 532 2765 fuit:
562 2717 639 2763 nam
659 2694 694 2763 in
716 2692 938 2765 Sabbaticum
958 2719 1086 2766 annum
1111 2693 1277 2767 inciderat
1290 2697 1521 2791 oppugnatio,
1569 2694 1729 2766 Tandem
1748 2674 1866 2810 vilsam
1882 2672 1931 2730 d*

437 2812 655 2887 expugnata,
684 2788 923 2863 obstinationis
941 2816 1060 2887 poenas
1076 2790 1188 2864 dedit.
1238 2795 1332 2862 Mox
1345 2792 1461 2863 omnia
1475 2790 1605 2888 repleta
1623 2788 1700 2863 sunt
1720 2817 1788 2866 cae·
1812 2771 1866 2813 'm‘

434 2885 541 2958 dibus
561 2916 570 2959 z
598 2888 765 2961 Romanis
784 2887 890 2986 longa
910 2885 1089 2960 resistentia
1106 2885 1339 2969 exacerbatio,
1365 2886 1715 2986 HerodianisJudaeis
1728 2914 1788 2962 co-

435 2982 599 3057 nantibus
614 2980 789 3058 adversam
804 2985 987 3058 factionem
1007 2986 1186 3084 exstirpare
1214 2984 1368 3056 funditus
1391 3032 1402 3067 ,
1430 3010 1473 3055 ne
1501 2986 1624 3082 templi
1642 2987 1787 3082 quidem

433 3080 561 3178 religio
580 3078 749 3177 supplices
771 3083 941 3157 tuebatur.
993 3090 1076 3155 Non
1099 3082 1165 3154 ulli
1192 3081 1390 3178 parcebatur
1416 3085 1540 3163 aetati,
1569 3106 1640 3153 non
1667 3079 1786 3165 sexui3

435 3202 482 3250 ne
500 3176 636 3250 imbelli
654 3177 812 3275 quidem.
862 3184 906 3250 Et
924 3182 1083 3276 quamvis
1107 3178 1260 3249 obstante
1283 3201 1362 3273 rege
1384 3178 1550 3258 l-lerode,
1578 3203 1615 3251 ac
1628 3180 1786 3274 precibus

433 3274 687 3356 intercedente,
716 3300 819 3359 nemo
831 3297 946 3347 tamen
963 3300 981 3345 a
1000 3275 1156 3346 manibus
1173 3280 1397 3368 temperabat.
1446 3275 1659 3367 Praecipuum
1669 3294 1786 3343 autem

434 3373 470 3445 ei
497 3374 679 3469 negotium
705 3372 770 3443 suit
800 3375 833 3444 in
862 3367 1116 3467 compescendis
1147 3369 1415 3463 alienigenarum
1447 3369 1597 3442 auxiliis
1648 3367 1787 3442 Ruebat

434 3471 532 3541 enim
556 3467 747 3539 multitudo
783 3469 1073 3540 conduslitiorum
1094 3513 1125 3556 ,‚
1148 3466 1193 3538 ad
1212 3465 1391 3538 visendum
1414 3489 1485 3537 non
1518 3464 1636 3536 fanum
1658 3461 1786 3548 solum,

434 3560 497 3639 sed
517 3568 553 3637 &
575 3566 739 3636 intimum
755 3566 914 3663 adytum.
964 3571 1042 3640 Rex
1059 3589 1143 3637 vero
1156 3563 1243 3635 alios
1260 3561 1439 3660 precibus,
1467 3560 1556 3634 alios
1569 3563 1684 3643 minis,
1698 3587 1788 3634 non·

437 3661 559 3736 nullos
576 3664 613 3733 &
626 3664 729 3736 armis
748 3663 981 3760 reprimebat,
1007 3661 1241 3735 molestiorem
1261 3659 1356 3733 clade
1372 3659 1549 3731 victoriam
1575 3659 1787 3741 existimans,

435 3754 463 3831 fi
482 3758 570 3856 quid
588 3783 708 3832 eorum
728 3783 807 3856 quae
826 3761 935 3832 videri
955 3759 1002 3833 las
1025 3786 1096 3832 non
1122 3756 1191 3839 est,
1220 3760 1253 3830 in
1278 3755 1430 3855 profanae
1451 3756 1685 3830 multitudinis
1704 3781 1792 3827 con·
1857 3793 1860 3797 ’

436 3851 589 3952 spectum
609 3858 752 3928 veniret.
804 3856 1015 3931 Prohibebat
1034 3859 1137 3927 etiam
1157 3856 1289 3952 rapinas
1309 3880 1369 3950 per
1389 3852 1509 3926 urbem
1531 3850 1602 3925 fieri
1622 3907 1632 3933 ‚
1656 3852 1788 3923 identi-

438 3954 522 4022 dem
538 3948 670 4024 Sosium
683 3955 860 4051 rogitans,
888 3979 930 4024 an
949 3949 1144 4024 solitudinis
1155 3948 1189 4021 se
1212 3974 1328 4048 regem
1350 3950 1502 4021 Romani
1528 3950 1645 4022 facturi
1669 3944 1788 4030 essent,

436 4047 597 4122 exhausta
615 4051 699 4122 urbe
717 4052 846 4147 rapinis
870 4075 909 4121 ac
929 4050 1079 4122 caedibus
1102 4076 1114 4121 τ
1139 4050 1306 4144 exiguum
1324 4044 1385 4119 sibi
1404 4047 1521 4118 dicens
1535 4067 1637 4118 tantae
1658 4048 1788 4119 civium

437 4146 543 4220 caedis
573 4149 723 4243 pretium
751 4146 892 4229 videri,
922 4141 1050 4217 etiamsi
1073 4147 1182 4216 totius
1211 4144 1304 4214 orbis
1335 4143 1532 4214 dominium
1561 4144 1796 4239 contingeret,

438 4242 509 4318 lllo
528 4267 613 4314 vero
635 4245 802 4317 referente
820 4269 885 4340 pro
912 4244 1168 4340 expugnatione
1196 4239 1291 4309 urbis
1314 4240 1547 4336 direptionem
1566 4242 1691 4312 merito
1709 4265 1793 4336 per·

440 4341 537 4413 mitti
551 4339 744 4423 militibus,
772 4337 927 4437 promisit
943 4340 976 4411 se
998 4342 1040 4409 de
1059 4335 1120 4408 suo
1146 4334 1339 4407 mercedem
1356 4359 1614 4408 numeraturum
1634 4332 1789 4436 fingulis.

414 4513 419 4525 ‚
439 4441 560 4536 Atque
577 4437 627 4511 ita
638 4440 793 4515 redemta
811 4439 947 4516 civitate
964 4432 1124 4537 promissa
1140 4428 1321 4533 persolvit,
1367 4432 1572 4510 Liberaliter
1585 4436 1680 4507 enim
1691 4432 1796 4599 spili-

1680 4550 1708 4602 u
1733 4548 1793 4617 us,
