4667 5442
691 469 772 568 De
809 467 912 568 Usu
947 498 1012 565 ur
1049 466 1211 598 Auusu
1241 479 1523 577 Retrouts.
1676 482 1778 607 465

432 635 618 722 fundunt,
654 633 765 713 secure
785 640 821 711 in
845 663 888 711 eo
906 635 1191 736 acquiescendum
1213 636 1289 720 est,
1325 641 1513 738 omniaque
1531 641 1674 715 tationis
1697 638 1778 715 scita
1788 664 1943 737 dumque
2036 710 2041 715 .

435 732 646 826 subjicienda
663 730 741 807 sunt
757 734 810 809 isti
825 730 935 808 sensui
955 760 1061 834 quem
1079 736 1120 807 iis
1149 760 1206 808 me
1226 734 1340 807 verbis
1365 735 1467 807 docet
1495 740 1603 810 Deos.
1788 740 1842 816 ipsa
1857 739 1939 797 verba

537 834 656 905 XXll.
681 837 863 904 Sumamus
890 832 1103 930 exemplum.
1140 837 1300 904 Fatemur
1323 830 1505 905 Christiani
1525 857 1670 917 omnes,
1697 814 1940 933 mysgntficem.

435 927 573 1003 sterium
600 927 744 1026 aliquod
771 931 940 1002 Divinum
964 927 1104 1000 revelari
1124 926 1266 1027 Joh.-1:
1296 950 1351 1019 14.
1388 927 1401 992 ὅ
1431 926 1528 1010 nia&
1554 924 1627 1023 0de
1652 933 1772 1014 lamera.
1786 951 1963 1040 xm&

435 1026 610 1111 Quaeritur
629 1024 673 1096 de
690 1022 876 1097 uerborum
895 1019 991 1096 sensu
1004 1022 1250 1123 investigando.
1299 1025 1444 1097 Socinus
1456 1026 1503 1096 ita
1519 1024 1696 1121 procedit:
1723 1027 1778 1121 ni·
1788 1039 1899 1109 exempl·

437 1120 489 1195 hil
508 1123 640 1193 invenit
655 1123 689 1193 in
710 1142 787 1193 toto
807 1122 949 1193 rationis
979 1115 1046 1192 suae
1066 1145 1157 1217 penu
1172 1119 1271 1219 quod
1298 1115 1360 1217 ipst
1378 1116 1593 1218 repraesentet
1612 1116 1917 1196 aeternumm'm'·

436 1223 555 1291 Deum
571 1219 619 1289 ita
637 1214 796 1289 humanae
812 1218 947 1289 unitum
965 1238 1093 1290 naturae
1112 1240 1151 1289 ut
1164 1243 1203 1290 ea
1220 1242 1322 1291 unam
1337 1241 1415 1289 cum
1428 1213 1503 1316 ipso
1513 1216 1692 1291 constituat
1701 1244 1780 1313 pct-

436 1311 557 1388 sonant
579 1359 590 1396 ‚
618 1307 719 1387 ficut
739 1308 799 1385 iste
817 1311 925 1385 homo
936 1317 1033 1385 Deus
1055 1309 1117 1395 stt,
1145 1316 1183 1386 ὃ(
1201 1312 1260 1387 iste
1279 1318 1377 1386 Deus
1393 1311 1529 1387 homo:
1555 1313 1636 1384 ideo
1668 1340 1708 1385 ue
1728 1336 1781 1387 ta·

434 1409 508 1486 lem
529 1430 732 1506 conceptum
752 1404 937 1484 abstudum
953 1413 1105 1506 Dcoque
1125 1405 1327 1500 injuriosum
1348 1403 1412 1481 elle
1423 1404 1543 1483 sciscit.
1592 1338 1783 1508 Idluppo·

434 1510 489 1582 nit
505 1505 549 1578 ad
569 1503 694 1578 horum
718 1504 904 1579 verborum
925 1505 1192 1604 explicationem
1212 1503 1246 1578 se
1273 1506 1473 1604 accingens:
1509 1504 1639 1581 idcirco
1659 1530 1782 1580 omnes

437 1607 473 1678 in
501 1603 568 1674 enii
591 1597 641 1672 sui
661 1625 783 1673 nervos
803 1600 974 1684 intendit,
1002 1625 1041 1673 ut
1060 1598 1192 1675 sensum
1209 1604 1362 1700 aliquem
1385 1605 1427 1674 iis
1443 1600 1624 1699 applicet,
1651 1605 1715 1699 qui
1736 1603 1779 1674 ab

438 1627 541 1773 istlac
560 1694 736 1771 allertione
755 1698 997 1771 remotissimus
1013 1693 1064 1773 stt.
1118 1699 1289 1772 Sollicitat
1320 1697 1422 1771 verba
1442 1695 1592 1794 singula,
1620 1694 1785 1773 sollicitat

437 1821 570 1871 nexum
590 1817 736 1877 eorum,·
753 1794 878 1876 fleuit,
902 1816 1060 1891 torquet,
1087 1797 1204 1868 omnia
1216 1796 1313 1893 agit,
1340 1819 1383 1865 ne
1404 1793 1441 1866 id
1467 1793 1579 1867 dicere
1598 1794 1781 1870 videantur
1848 1837 1851 1844 ·

434 1892 538 1991 quod
555 1891 684 1964 dicunt.
736 1897 815 1962 Nos
831 1891 937 1986 longe
956 1893 1054 1963 aliter
1065 1891 1322 1988 procedendum
1340 1889 1584 1965 existimamus.
1635 1892 1782 1965 Accedi·
1892 1973 1896 1979 ¹

436 2013 517 2064 mus
536 1988 580 2058 ad
600 1984 684 2058 hanc
696 1989 893 2081 pericopam
910 1982 1055 2084 srmplici
1068 2009 1172 2084 atque
1193 1985 1320 2060 humili
1336 2008 1452 2060 mente
1467 1986 1655 2082 „audituri
1676 2011 1781 2085 atquc

432 2084 605 2179 accepturi
625 2082 802 2179 quidquid
818 2086 898 2154 Deo
915 2107 979 2155 nos
994 2085 1127 2179 placeat
1150 2082 1286 2157 docere.
1338 2078 1601 2158 consideramus
1621 2082 1726 2157 verba
1743 2083 1781 2155 in
1913 2147 1919 2158 .

434 2183 555 2257 nativo
574 2176 635 2251 suo
654 2173 862 2289 significatu,
889 2182 1048 2277 &prout
1087 2181 1181 2252 affim
1194 2182 1228 2253 in
1250 2174 1349 2254 sacris
1362 2178 1471 2253 literis
1491 2173 1704 2277 usurpantur,
1718 2202 1781 2255 ex·

435 2278 621 2377 pendimus
634 2274 822 2372 qutdm'mc
841 2299 939 2350 notet
955 2207 1141 2350 secundum
1151 2271 1299 2375 phrasim
1311 2273 1505 2375 Johannis,
1531 2278 1623 2388 quid
1632 2275 1780 2357 alludat·

438 2371 527 2473 quid
545 2366 646 2466 σᾶρξε
673 2366 922 2445 confidetamus
977 2373 1134 2448 uomodo
1158 2373 1244 2446 alibi
1271 2372 1315 2445 de
1335 2370 1398 2446 hac
1418 2397 1454 2445 re
1481 2369 1579 2446 sacrae
1599 2372 1707 2446 hterae
1726 2372 1784 2445 lo·

435 2492 599 2642 ἓὲιαηῑυῐ.
650 2398 974 2542 Exhisomnibusl

970 2494 1143 2543 ormamus
1155 2464 1311 2551 sensum,
1339 2493 1447 2566 quem
1461 2470 1646 2567 recipimus
1656 2466 1782 2541 humili

489 2568 521 2639 ei
540 2560 738 2661 obsequio,
767 2558 980 2663 firmiterque
992 2566 1084 2663 apud
1093 2568 1246 2640 animum
1259 2563 1412 2639 nostrum
1426 2563 1623 2649 statuimus,
1652 2565 1781 2639 Filium

435 2663 509 2739 Dei
526 2660 711 2734 humanam
723 2682 879 2733 naturam
892 2683 963 2735 tam
984 2667 1071 2735 arcte
1089 2657 1148 2735 srbi
1160 2659 1328 2752 junxisse,
1355 2686 1395 2735 ut
1403 2659 1497 2735 idem
1513 2659 1781 2736 &Deus&ho·

437 2784 502 2838 mo
514 2754 576 2832 stt:
604 2760 641 2834 δι
660 2759 820 2855 quamvis
841 2756 953 2833 nostra
968 2761 1058 2832 ratio
1076 2757 1164 2832 nihil
1178 2784 1331 2856 unquam
1352 2756 1431 2832 huic
1450 2759 1499 2832 rei
1516 2753 1624 2832 fimile
1638 2759 1781 2831 invene-

434 2860 484 2933 rit
496 2903 513 2944 ,Ι
531 2878 645 2932 tamen
665 2880 743 2928 eam
761 2855 965 2929 vetiffimam
981 2851 1072 2939 elle,
1111 2857 1195 2953 quia
1214 2854 1317 2928 verba
1337 2856 1406 2928 Dei
1425 2854 1491 2929 hoe
1518 2855 1656 2929 docent.
1708 2854 1782 2943 Qui

435 2958 509 3038 ita,
531 2955 582 3024 uti
591 2955 755 3033 Socinus,
776 2952 977 3036 instituunt,
997 2979 1056 3025 eos
1075 2978 1119 3026 ex
1133 2948 1198 3025 suo
1220 2977 1312 3050 penu
1326 2952 1436 3026 multa
1449 2956 1483 3026 in
1494 2954 1639 3025 verbum
1649 2952 1716 3023 Dei
1726 2952 1781 3022 in·

437 3052 526 3126 fene
544 3046 669 3122 necesse
689 3045 757 3121 est:
785 3074 854 3145 qua
869 3075 904 3123 re
926 3053 958 3122 ei
976 3046 1113 3148 insignis
1129 3045 1309 3141 fitinjuria.
1359 3051 1431 3136 Qui
1443 3050 1493 3120 uti
1512 3073 1597 3131 nos,
1616 3046 1670 3122 illi
1684 3074 1723 3120 co
1750 3047 1781 3117 i·

437 3149 587 3223 tationes
604 3141 679 3219 suas
699 3169 743 3215 ex
766 3146 873 3217 verbo
891 3148 958 3218 Dei
972 3144 1156 3228 hauriunt,
1185 3144 1313 3243 quibus
1331 3141 1473 3219 tationis
1492 3139 1560 3219 suae
1576 3167 1707 3243 penum
1723 3069 1782 3219 lo·

437 3244 637 3341 cupletent,
666 3238 766 3337 quod
784 3244 865 3311 Deo
884 3237 1075 3337 gloriosum
1094 3240 1154 3313 est.

537 3343 672 3412 xxm.
698 3334 815 3407 Lubet
829 3332 885 3406 hic
903 3338 1087 3433 appingere
1103 3334 1508 3409 aureaverbaBacouts
1527 3361 1575 3410 ue
1596 3339 1780 3410 Venutn·
1791 3375 1898 3440 xxm·

437 3462 540 3518 mro,
569 3436 644 3506 Viri
659 3429 891 3513 rllustnffini,
919 3433 970 3503 uti
989 3430 1117 3505 exstant
1134 3435 1173 3505 de
1190 3438 1369 3527 Augmento
1382 3432 1595 3524 scientiarum.
1607 3428 1661 3505 lib.
1677 3457 1734 3508 tx.
1745 3435 1778 3506 itt
1790 3453 1890 3512 Pulcra
1901 3444 1953 3509 70·

434 3535 540 3614 initio.
590 3531 809 3625 Praerogativa
829 3531 919 3610 Dei,
943 3529 1080 3626 inquit,
1101 3548 1204 3604 tumn
1221 3530 1377 3603 hominem
1394 3529 1629 3627 complellimr:
1654 3534 1777 3604 necm·
1789 3528 1901 3588 remi?
1913 3525 1960 3586 *Β

435 3655 498 3708 nm
520 3633 562 3703 aa
578 3628 767 3704 Rationem
783 3648 878 3725 quam
909 3629 951 3700 ad
970 3623 1197 3704 Voluntatem
1214 3627 1382 3702 humanam
1401 3632 1593 3701 extenditur.
1641 3603 1913 3724 Qoe,s‘''⁴⁸³⁰·

430 3728 516 3825 sactu
533 3730 615 3821 Legi
636 3724 768 3800 Divina
794 3721 917 3797 obedire
946 3742 1089 3797 tenemur
1150 3723 1225 3798 licet
1241 3722 1411 3798 reludletur
1433 3723 1633 3810 Voluntas3
1666 3729 1715 3798 ua
1734 3725 1779 3801 &⁶

438 3822 548 3907 Verbo
565 3824 635 3900 Dei
654 3816 750 3909 fidem
763 3816 902 3902 babere,
926 3819 1001 3895 licet
1018 3775 1191 3908 restim
1210 3823 1329 3898 Ratio.
1380 3816 1550 3911 Etenimfi
1568 3845 1606 3894 ea
1623 3823 1781 3897 dmtaxat
1913 3845 1940 3862 ··

437 3926 600 3999 credamus
613 3943 680 4017 qua
691 3916 916 4005 suntRationi
926 3916 1032 4001 nostra
1048 3917 1274 4007 consentanea,
1297 3918 1399 3990 rebus
1409 3916 1619 4008 adsentimus,
1637 3942 1697 3993 nm
1704 3921 1779 3992 Au·

437 4019 522 4094 &ori
543 4045 554 4090 .·
578 4020 660 4115 quod
678 4019 776 4087 etiam
786 4012 924 4109 suspem
934 4012 1014 4105 fidei
1032 4012 1160 4099 testibm
1170 4012 1316 4112 prestare
1323 4016 1467 4104 solemur.
1515 4014 1653 4111 Quoto
1680 4015 1780 4110 igitur

435 4113 617 4212 mysterium
643 4112 770 4210 aliquod
791 4114 953 4187 Divinmn
971 4109 1076 4201 suerit
1102 4115 1197 4208 magri
1219 4109 1366 4201 alfirnum
1383 4117 1426 4185 d*
1445 4109 1667 4196 incredibile3
1691 4128 1782 4186 tanto

434 4215 511 4313 plus
528 4216 563 4286 in
587 4212 735 4284 credendo
755 4204 921 4282 exhibetur
938 4210 1060 4281 honoris
1073 4211 1182 4293 Deo,
1205 4210 1250 4283 d
1262 4205 1309 4298 fit
1331 4213 1537 4281 Vrcronra
1562 4211 1675 4280 Proer
1695 4202 1780 4282 nobi·

436 4310 511 4385 lior.
545 4304 625 4383 Post
633 4330 752 4403 pauca.
786 4305 886 4403 Qin
901 4304 1017 4386 etiam,
1026 4300 1056 4396 fi
1068 4322 1188 4379 artem
1203 4328 1271 4377 rem
1281 4291 1532 4401 perpendamud,
1556 4307 1676 4401 dignius
1688 4304 1779 4403 quid·
1835 4358 1839 4366 .

436 4411 511 4484 darn
524 4402 574 4582 ep
584 4402 720 4577 credqqe
736 4426 831 4503 quam
842 4398 949 4492 scite,
973 4402 1125 4498 qualiter
1129 4398 1259 4572 [zm.
1309 4405 1352 4480 Io
1366 4395 1507 4479 scientia
1516 4403 1601 4479 enim
1616 4424 1703 4476 mem
1722 4398 1780 4471 btt-

566 4522 629 4578 m·
704 4548 716 4581 o
823 4525 826 4530 ’
1194 4518 1253 4573 nn
1687 4514 1781 4569 m
