4667 5442
573 474 676 600 634
870 451 1664 556 sermoncinXl.

1092 645 1262 737 Cne.
1314 642 1403 737 XI.

940 845 1130 959 Judicium
1159 844 1210 932 de
1239 846 1315 932 istis
1344 843 1567 932 Paradoxis.

577 1024 610 1097 1.
630 1024 683 1095 II.
708 1021 782 1093 III.
802 1014 860 1092 IV.
880 1015 918 1091 V.
937 1014 996 1093 VI.
1016 1016 1101 1091 VII.
1122 1014 1239 1091 Verum
1256 1010 1298 1099 est
1310 1007 1930 1111 injustificatiomsrominieredertipre

627 1116 763 1210 mulgari
777 1113 964 1203 sententiam
986 1115 1022 1184 de
1040 1114 1176 1186 omnium
1188 1109 1336 1200 sucorum,
1353 1109 1420 1202 dne
1430 1112 1642 1207 exceptione,
1654 1130 1872 1208 peccatorum
1879 1112 1929 1208 pla·

490 1225 493 1230 '
627 1217 720 1288 naria
735 1205 927 1307 'expiatione
978 1210 1083 1285 VIII.
1109 1208 1264 1282 Calvinus
1282 1208 1442 1281 nudatur.
1496 1212 1565 1281 IX.
1591 1212 1645 1284 Et
1662 1210 1867 1283 cnam
1897 1211 1928 1280 X

626 1316 694 1385 XI.
715 1314 801 1382 XII.
817 1305 1023 1401 despondetur
1036 1300 1266 1389 obiesiinnibm.
1316 1311 1425 1380 XIlI.
1446 1307 1527 1380 Non
1545 1306 1765 1382 videtDeue
1773 1306 1927 1403 peccam

621 1400 799 1499 judificatic
814 1407 855 1476 ad
869 1406 1173 1476 condemnationem:
1193 1399 1249 1491 sed
1259 1404 1348 1475 videt
1364 1426 1435 1474 cum
1447 1400 1555 1491 sanila
1569 1401 1800 1497 displicentia.
1850 1399 1925 1477 XIV.

627 1505 674 1577 Et
696 1505 768 1583 ira,
796 1523 856 1572 non
876 1502 997 1596 quidem
1023 1501 1118 1595 rigidi
1141 1498 1258 1593 judicit
1276 1551 1286 1578 ,
1305 1498 1360 1587 sed
1380 1500 1568 1593 indignantia
1586 1503 1713 1594 patrui.
1770 1501 1847 1576 XV.
1869 1504 1925 1574 Nn

623 1597 742 1691 judam
752 1594 875 1693 semper
893 1600 1015 1669 modum
1034 1598 1232 1692 querimoniis
1251 1594 1315 1684 snit
1334 1591 1432 1686 Joo,
1457 1602 1604 1676 Heman,
1621 1603 1706 1673 tac.
1730 1597 1925 1694 posueruut

628 1718 684 1767 nec
713 1718 762 1766 rne
781 1690 882 1784 cauffo
912 1690 1007 1792 questi
1031 1691 1115 1780 sunt.
1165 1692 1266 1767 XVI.
1291 1689 1471 1766 Plurimum
1489 1714 1607 1765 noxam
1628 1712 1835 1786 peccatum,
1855 1697 1924 1767 ania

625 1786 824 1888 jndificatis,
847 1786 963 1881 adfert.
1014 1792 1137 1866 XVII.
1151 1790 1335 1862 chamierus
1350 1788 1509 1861 laudatur.
1559 1790 1720 1865 XVIII.
1742 1796 1925 1887 Ειρσᾳκω

629 1884 795 1977 necessaria
822 1889 861 1960 iic
880 1884 956 1975 suttt
976 1887 1083 1967 dolor,
1100 1889 1302 1983 penitentia,
1327 1881 1483 1975 conftfflo,
1499 1903 1607 1981 preces
1633 1891 1684 1959 ad
1706 1886 1923 1985 consequendo

632 2008 785 2058 novorum
802 1985 966 2057 crimintcm
983 1987 1119 2056 vertiam.
1168 1988 1271 2056 XIX.
1297 1987 1369 2056 Imo
1392 1986 1435 2055 du·
1455 2001 1621 2068 veterum,
1652 1982 1737 2057 iicet
1756 1985 1922 2060 otimcao

632 2099 789 2155 natorum.
841 2087 923 2154 XX.
944 2084 1131 2154 Occurritur
1147 2082 1334 2175 argumentis
1344 2076 1591 2171 aduersantibus.
1648 2086 1769 2162 XXI.
1788 2078 1922 2169 Absor*

632 2182 706 2252 dum
721 2176 960 2254 adorationibus
977 2173 1195 2256 codonniano.

408 2401 433 2466 1.
455 2398 551 2461 Vm
584 2381 613 2450 l.
707 2376 787 2453 Une
807 2370 1011 2475 subjungere
1031 2398 1142 2447 meam
1165 2371 1293 2450 liceat:
1345 2398 1416 2457 uae,
1445 2368 1567 2471 procul
1589 2367 1662 2444 esse
1675 2371 1919 2463 juffisommbor

405 2475 568 2556 qntnjuat·
721 2472 903 2547 verborum
923 2473 1091 2570 portentis
1113 2517 1123 2552 ‚
1153 2497 1197 2544 ex
1217 2399 1366 2568 limpido
1388 2474 1642 2567 Scripturarum
1666 2470 1773 2545 fonte
1789 2471 1854 2545 leni
1874 2467 1891 2544 s
1907 2507 1919 2526 ·

406 2553 531 2648 ΜΨ
587 2571 702 2644 monis
722 2573 859 2667 agmine
880 2568 977 2641 lluet.
1028 2573 1073 2640 Et
1086 2571 1201 2664 primo
1218 2569 1362 2665 quidem
1381 2568 1473 2667 apud
1493 2591 1617 2639 omnes
1641 2568 1683 2640 in
1703 2565 1855 2642 consede
1869 2573 1917 2639 01·

408 2630 765 2780 w'pfss‘nhodoxos
780 2663 826 2738 ell
838 2711 850 2747 ,
878 2666 915 2737 id
928 2664 1028 2761 quod
1049 2665 1093 2737 alt
1124 2667 1238 2737 uoties
1256 2691 1358 2740 nunc.
1364 2666 1536 2756 jecimus,
1562 2643 1777 2739 bominum
1799 2663 1914 2740 nolim

407 2782 528 2857 saunari
590 2759 707 2860 Jesum
728 2759 902 2833 Christum
926 2785 990 2857 pro
1010 2691 1172 2833 omnibus
1190 2766 1333 2834 omnino
1350 2762 1535 2835 electorum
1554 2764 1718 2858 peccatis
1741 2763 1917 2850 Divinam·

400 2858 561 2949 fatendam
590 2859 688 2967 llitiae
706 2855 894 2953 plenissime
914 2851 1103 2930 satisfecisse
1124 2884 1133 2931 ε
1172 2860 1232 3025 Pi
1255 2883 1423 2954 quatenus
1442 2853 1504 2954 ipst
1525 2881 1683 2953 quoque
1706 2859 1817 2932 suturi
1834 2877 1915 2937 erant,

409 2935 444 2992 ‘¹‘
527 2955 572 2990 nm
588 2977 706 3026 omma
719 2951 870 3049 ipsorum
890 2974 1029 3052 peccata
1047 2953 1156 3027 veluti
1187 2977 1286 3026 utura
1307 2951 1374 3027 stne
1392 2954 1468 3028 ullo
1481 2951 1687 3027 discrimine
1702 2953 1918 3030 Dentrem

456 2954 525 2991 omni

402 3009 582 3163 {mpftss
590 3050 639 3126 sto
660 3048 925 3125 obversabantur
946 3077 955 3122 :
981 3071 1085 3148 atque
1105 3052 1153 3122 ita
1171 3052 1295 3148 pariter
1317 3051 1453 3129 Christo
1471 3051 1644 3124 moriente
1663 3078 1743 3126 uno
1764 3055 1819 3127 die
1832 3052 1920 3124 deleta

409 3185 476 3229 am,
493 3144 687 3238 peecasunt3
708 3148 743 3219 δι
759 3144 894 3220 Christo
906 3142 1090 3245 resurgenti
1100 3147 1230 3245 apocha
1240 3194 1254 3232 ‚
1274 3150 1308 3221 in
1321 3148 1482 3247 plenaria
1492 3143 1686 3223 solutionis
1698 3150 1917 3228 testimoninm

409 3244 564 3334 wis*
587 3244 725 3344 publice
749 3269 787 3315 ac
805 3240 999 3319 solemniter
1016 3243 1093 3317 data
1110 3243 1167 3322 est.
1262 3315 1265 3322 ,

410 3337 492 3450 Ἢ
513 3337 556 3376 ‘⁸'
684 3347 730 3415 11.
755 3346 795 3413 In
814 3337 1049 3431 justificatione
1069 3367 1153 3414 veto
1180 3338 1318 3441 fingulis
1339 3343 1555 3417 credentibus
1575 3386 1587 3426 ,
1615 3369 1700 3420 non
1720 3374 1803 3446 pars
1818 3343 1921 3439 eliqua

406 3404 428 3466 ι
492 3413 534 3454 ne.
587 3432 646 3512 sed
667 3460 780 3511 totum
801 3439 855 3529 jus
876 3464 895 3508 a
916 3438 1052 3512 Christo
1071 3461 1205 3536 partum
1219 3437 1460 3529 adjudicatur:
1486 3463 1560 3513 tota
1574 3439 1716 3518 Christi
1737 3443 1860 3535 justitia
1875 3442 1923 3512 in·

480 3535 522 3598 11·
612 3557 754 3616 utatur,
782 3533 825 3606 ad
846 3536 1100 3609 immunitatem
1118 3533 1161 3606 ab
1191 3538 1286 3606 omni
1306 3537 1592 3610 condemnatione
1613 3583 1625 3619 ‚
1659 3565 1864 3642 certamque
1880 3557 1923 3609 α·

587 3561 828 3727 spectationem
839 3650 973 3704 aeternae
983 3628 1112 3704 salutis.
1163 3634 1208 3702 Et
1217 3627 1461 3729 consequenter
1470 3659 1538 3707 non
1551 3640 1737 3732 praeterita
1746 3635 1860 3712 solum
1911 3671 1923 3690 ·

590 3750 663 3800 cata
685 3728 927 3809 remittuntur,
956 3752 995 3798 ea
1013 3726 1110 3825 lege,
1136 3749 1176 3799 ut
1188 3774 1198 3807 ‚
1219 3722 1243 3799 sn
1267 3726 1350 3800 salvi
1366 3725 1438 3802 fieri
1466 3730 1604 3813 velint,
1635 3734 1793 3810 nullum
1813 3658 1921 3835 polffic

588 3822 794 3904 admittant,
821 3845 880 3895 aut
891 3870 902 3909 ‚
924 3820 1048 3897 fisorte
1066 3820 1288 3907 admiserint,
1314 3822 1375 3923 ipsi
1395 3826 1438 3899 de
1458 3852 1547 3900 nova
1565 3835 1774 3907 recentium
1791 3851 1925 3933 peccato·

587 3944 664 3992 rum
690 3921 884 4015 expiatione
902 3917 1043 3993 solliciti
1062 3915 1125 3992 elle
1138 3919 1346 4012 jubeantur:
1373 3918 1432 3995 sed
1456 3925 1711 4025 promulgatur
1726 3933 1773 4004 iis
1793 3929 1925 4004 omniuo

586 4038 826 4113 peccatorum,
854 4040 925 4088 uno
947 4015 1073 4089 Christi
1094 4013 1254 4089 sacrificio
1265 4020 1638 4116 persedeexpiatorum
1650 4070 1663 4106 ‚
1692 4031 1827 4102 venia:
1852 4021 1928 4100 nult

586 4136 769 4194 manente,
797 4112 853 4185 vel
874 4109 1062 4196 mansuro,
1090 4114 1190 4211 quod
1219 4116 1542 4194 condemnationem
1570 4121 1615 4192 iis
1641 4123 1928 4223 importaturam

586 4210 726 4306 vitaque
741 4232 862 4282 aeterna
879 4210 1104 4284 multaturum
1125 4206 1177 4284 fit.

466 4326 519 4390 m,
690 4313 750 4379 111.
778 4311 857 4379 Hoc
871 4308 961 4380 enim
979 4304 1116 4406 gratiost
1130 4306 1268 4384 sordetis
1284 4304 1485 4407 promissum
1507 4309 1587 4400 esl3
1613 4314 1689 4389 Ero
1708 4317 1929 4416 propitiari*

583 4400 759 4505 quitatibus
780 4428 909 4491 corun,
932 4410 976 4483 dr
986 4425 1186 4508 peccatomn
1196 4403 1355 4507 ipsam,
1380 4412 1424 4486 (a
1441 4411 1721 4511 transgrediuntur
1728 4415 1925 4518 ipsorum

1802 4513 1928 4592 rano·
