4667 5442
575 514 645 616 ὥ
812 515 1646 629 Exercirnrioss

577 687 616 757 &
632 678 740 778 sande
763 683 884 766 obita,
908 689 1029 757 Deum
1058 678 1282 782 glorificare,
1308 680 1490 781 Evangelii
1514 676 1677 764 cursum,
1707 678 1934 776 fratrumque

576 777 720 855 salutem
739 806 944 878 promovere
964 828 976 864 ,
1004 782 1042 851 &
1059 780 1202 877 grandia
1214 778 1257 851 ab
1274 780 1317 852 iis
1330 778 1421 851 mala
1436 803 1653 852 averruncare
1677 778 1796 852 detiir.
1850 779 1932 850 Dici

578 903 647 950 non
668 876 805 974 potest,
819 899 1001 976 vquantum
1016 881 1079 972 qui
1095 880 1144 948 ita
1160 902 1225 973 pro
1242 876 1403 949 fratribus
1421 879 1568 948 moritur
1586 870 1646 947 fibi
1661 871 1722 974 ipsi
1747 874 1882 974 gloriae
1896 897 1932 947 ac

576 974 751 1050 felicitatis
768 974 931 1048 lucretur.
982 974 1097 1061 Quod
1108 973 1150 1044 ab
1168 972 1231 1045 hac
1245 972 1289 1043 de
1307 998 1378 1070 qua
1392 997 1485 1044 nuno
1501 974 1637 1072 agimus
1656 969 1768 1045 caussa
1787 968 1931 1071 prorsus

578 1071 729 1148 alienum
750 1069 809 1145 est.
860 1078 924 1144 111.
950 1071 1113 1168 Denique
1133 1095 1196 1142 nec
1217 1067 1345 1143 Christi
1358 1069 1557 1166 exemplum
1570 1069 1783 1167 ultraquam
1803 1095 1874 1168 par
1888 1065 1932 1142 est

578 1168 692 1266 urgeri
706 1170 880 1240 convenit.
931 1175 1162 1263 Praeterquam
1181 1168 1273 1237 enim
1292 1166 1392 1263 quod
1412 1166 1521 1238 multa
1538 1166 1595 1238 hic
1614 1166 1731 1261 feccrit
1749 1164 1930 1247 Christus,

580 1269 649 1337 nori
662 1258 799 1362 praecise
844 1289 887 1334 ua
905 1265 994 1336 bomo
1011 1309 1023 1344 ,
1049 1289 1093 1335 ex
1111 1262 1189 1361 lege
1206 1264 1400 1334 communis
1412 1260 1607 1343 chariratis,
1633 1258 1693 1334 sed
1709 1288 1785 1361 qua
1798 1266 1932 1337 Media·

578 1381 653 1442 ror,
678 1363 805 1432 virtute
817 1288 1000 1457 singularis
1018 1385 1058 1432 ac
1073 1359 1276 1436 voluntariae
1297 1353 1505 1456 sponsionis,
1532 1384 1612 1454 quae
1632 1362 1773 1431 nonita
1791 1358 1935 1433 trahen-

580 1457 624 1530 'da
643 1453 766 1530 suntin
780 1455 1003 1554 exemplum3
1028 1476 1116 1528 certe
1126 1480 1239 1551 neque
1255 1477 1340 1526 voto
1354 1500 1368 1536 ,
1393 1480 1506 1552 neque
1522 1450 1655 1553 reipsa,
1680 1454 1879 1529 anathema
1896 1481 1933 1528 eo

581 1550 678 1628 sensu
696 1554 760 1625 suit
774 1578 883 1663 quem
899 1551 998 1625 Pauli
1015 1545 1108 1625 fuisse
1121 1548 1385 1650 disputavimus.
1434 1551 1570 1623 Scieba't
1583 1554 1676 1625 enini
1693 1551 1879 1635 Christus,
1891 1550 1933 1636 se,

581 1650 659 1749 post
671 1650 899 1746 gravissimam
915 1648 1092 1745 quidem,
1119 1643 1178 1720 sed
1198 1650 1296 1746 parvi
1319 1650 1484 1744 temporis
1504 1647 1714 1745 passionem,
1739 1673 1784 1722 ut
1803 1653 1935 1748 princi·

582 1773 665 1847 peni
682 1743 823 1827 salutis,
849 1746 961 1844 gioria
980 1748 1020 1817 dc
1036 1742 1169 1817 honore
1186 1768 1388 1817 coronatum
1409 1745 1451 1815 iri
1469 1772 1479 1817 ε
1507 1745 1606 1842 quod
1625 1752 1724 1844 padio
1753 1770 1935 1821 convento

586 1843 854 1915 determinatum
878 1863 963 1915 erat.
1011 1844 1106 2009 Erpo
1127 1867 1172 1913 ne
1198 1839 1266 1913 hoc
1289 1839 1432 1938 quidem
1454 1841 1618 1939 exemplo
1635 1844 1847 1927 evincitur,
1876 1871 1938 1943 op·

583 1938 729 2010 randiun
746 1938 848 2012 nobis
864 1933 928 2010 esse
947 1986 958 2020 ,
985 1960 1025 2010 ut
1040 1963 1060 2009 a
1075 1940 1189 2010 iorum
1204 1933 1351 2009 salu'tem
1367 1934 1473 2009 nostri
1494 1961 1621 2012 aeterna
1634 1939 1873 2015 damnatione
1888 1967 1938 2016 re·

584 2034 771 2108 diniamus.
818 2034 917 2125 Quid
936 2039 1042 2135 igitur
1063 2031 1078 2105 ἓ
1102 2034 1281 2133 Singulare
1297 2031 1353 2106 hic
1367 2034 1502 2132 aliquid
1518 2038 1557 2109 in
1571 2035 1678 2109 Paulo
1696 2037 1791 2126 fuir,
1821 2037 1937 2112 heroi·

584 2157 687 2215 cum,
711 2134 749 2204 &
767 2130 1033 2232 hyperbolicum
1044 2141 1059 2218 '3
1084 2148 1262 2205 extremum
1275 2149 1406 2211 votum,
1426 2137 1460 2202 in
1476 2138 1583 2230 quod,
1604 2155 1646 2206 ut
1656 2133 1747 2207 bene
1769 2138 1938 2217 Calvina,

584 2227 707 2320 conficio
726 2234 828 2303 animo
844 2235 951 2327 erupit
970 2257 983 2302 .·
1008 2227 1107 2326 quod
1129 2230 1296 2301 miremur
1314 2253 1352 2299 ac
1372 2227 1567 2325 stupeamus
1585 2232 1702 2328 mags!
1711 2279 1724 2314 ,
1765 2257 1887 2331 quam
1903 2253 1937 2305 ut

581 2328 621 2400 in
640 2326 700 2399 ista
719 2326 866 2421 ὖωφζολῖι
881 2328 1011 2399 ωηᾶίε
1035 2324 1237 2398 Christianis
1264 2327 1301 2396 in
1322 2326 1523 2421 exemplum
1550 2330 1687 2401 imitatu
1706 2322 1937 2404 necessarium

585 2447 834 2521 proponamus.
883 2427 999 2520 Atque
1015 2420 1092 2494 haec
1102 2421 1148 2492 ad
1163 2422 1316 2520 priorem
1334 2425 1559 2519 quaestionem
1580 2425 1669 2498 dieta
1680 2421 1805 2501 sunto.

408 2536 561 2602 xxxvu.
684 2524 882 2593 xxxvu.
906 2521 1097 2593 Veniamus
1112 2517 1158 2590 ad
1175 2519 1332 2591 alteram.
1366 2519 1526 2619 Mysticae
1568 2547 1648 2593 uam
1668 2524 1937 2599 vocantTheo·

409 2613 530 2744 Mpsi‘ae,
584 2616 693 2715 logiae
706 2612 928 2697 Professores,
953 2616 995 2687 de
1011 2640 1100 2714 puro
1115 2609 1331 2714 simplicique
1342 2617 1410 2688 Dei
1420 2549 1788 2718 amoredisputanteS,
1821 2622 1937 2698 distin·

409 2688 550 2839 ξνζῗθξί
588 2735 701 2810 guunt
727 2713 819 2785 duos
846 2713 949 2786 status
972 2715 1030 2786 vel
1047 2711 1173 2811 gradus
1194 2709 1370 2796 diversos,
1395 2739 1548 2813 quorum
1564 2717 1713 2789 alterum
1735 2743 1936 2794 susionis·

410 2861 473 2897 rum
490 2841 545 2895 Dei·
590 2833 729 2881 rioms
744 2832 893 2891 vocant,
920 2810 1065 2882 alterum
1080 2834 1420 2885 iunirisniiurin.
1470 2820 1536 2887 Per
1551 2813 1610 2982 eps
1668 2817 1795 2900 tieem
1817 2844 1868 2892 eo
1882 2818 1936 2891 de·

409 2936 524 2972 amorem
588 2908 732 2980 veniunt
758 2901 890 2987 saneti,
916 2928 958 2978 ut
977 2932 1116 2978 omnem
1145 2909 1367 3006 appetitum,
1393 2935 1502 2982 omne
1523 2911 1567 2982 de
1618 2912 1767 2996 crium,
1792 2907 1936 2990 ¹onmem

400 2990 559 3065 juberem.
589 3001 742 3098 deniqne
758 3002 998 3085 voluntatem,
1024 3027 1106 3100 quae
1115 3003 1268 3102 aliquem
1283 3006 1328 3077 ad
1342 3032 1408 3079 nos
1425 3005 1518 3106 ipsos
1536 3004 1723 3106 respestum
1742 3007 1874 3098 habet,
1891 3008 1939 3087 su·

353 3110 355 3113 ’
458 3098 463 3110 ’
588 3097 733 3198 per‘ent,
759 3123 911 3197 eumque
925 3096 1129 3173 submittant
1142 3101 1317 3175 voluntati
1335 3105 1498 3186 Divinae,
1540 3107 1576 3178 in
1599 3104 1770 3181 omnibus
1788 3112 1953 3186 omnino·

587 3196 715 3279 rebus,
741 3193 812 3269 fine
823 3200 1029 3296 exceptione
1044 3196 1144 3281 ussa,
1170 3224 1212 3272 ne
1230 3202 1373 3296 quidem
1384 3225 1517 3276 aerernae
1527 3199 1656 3275 salutis.
1708 3205 1937 3282 lnilloamo·

586 3296 633 3367 ris
651 3293 773 3367 Divini
795 3292 883 3368 statu
900 3296 964 3393 qui'
983 3293 1053 3377 est,
1078 3297 1109 3368 is
1129 3295 1274 3395 quidem
1289 3324 1405 3372 revera
1426 3305 1544 3373 Deum
1567 3320 1663 3373 amat
1680 3297 1718 3373 su
1746 3329 1786 3375 ra
1808 3305 1936 3388 omnia,

586 3393 626 3463 &
646 3390 775 3466 idcirco
791 3396 911 3465 Deum
931 3416 1049 3474 amar,
1075 3395 1158 3490 quia
1173 3396 1209 3466 in
1231 3391 1265 3467 se
1283 3396 1591 3493 pulcherrimus&
1612 3397 1658 3468 ob
1682 3326 1848 3476 ininius
1864 3427 1936 3503 pei·

587 3487 751 3560 sessiones
770 3485 846 3558 suas
862 3514 982 3562 amore
1008 3489 1223 3587 dignissimus
1237 3492 1285 3565 est
1302 3519 1313 3577 3
1339 3490 1399 3565 sed
1420 3498 1457 3565 &
1471 3501 1589 3567 Deum
1598 3520 1678 3567 cuni
1694 3495 1829 3596 aliquo
1846 3501 1893 3575 ed
1911 3493 1937 3572 se

586 3578 699 3680 ipsum
717 3577 868 3679 respestu
880 3608 1006 3664 amat,
1029 3607 1151 3681 utpote
1175 3590 1273 3677 cujus
1298 3592 1545 3664 communione
1563 3614 1670 3702 queat
1686 3590 1816 3669 beari:
1846 3592 1938 3671 sieut

585 3679 621 3752 in
642 3703 759 3753 amore
783 3676 850 3749 isto
866 3681 936 3753 Dei
960 3681 1078 3850 alipua
1093 3676 1160 3754 suae
1184 3682 1606 3764 felicitatisaeconsiderario
1625 3692 1662 3762 &
1686 3691 1878 3788 appetitus
1894 3689 1937 3768 su.

590 3777 660 3849 Sed
678 3776 873 3874 appetitum
890 3776 992 3850 istum
1022 3775 1183 3852 ubmittit
1199 3781 1340 3855 Divinae
1359 3784 1532 3857 voluntati
1552 3814 1564 3859 r
1589 3781 1632 3858 sic
1652 3806 1692 3859 ut
1716 3791 1810 3859 Deo
1828 3790 1936 3873 dicati

585 3873 662 3969 Ego
682 3875 824 3968 quidem
841 3919 856 3955 ,
880 3877 1034 3952 Domine
1048 3877 1098 3946 mi
1114 3875 1353 3961 dilectissime,
1378 3880 1598 3978 deprehendo
1611 3885 1648 3955 in
1663 3908 1720 3955 me
1734 3888 1935 3985 appetitum

585 3968 807 4040 beatitudinis
827 3971 863 4041 in
882 3972 933 4041 tui'
954 3973 1199 4045 communione
1216 3976 1453 4051 inveniendae:
1479 4001 1514 4051 at
1534 3975 1612 4051 tusi
1631 3980 1737 4052 musis
1756 4007 1788 4053 a
1806 3987 1869 4059 tui
1885 4005 1935 4059 me

586 4068 832 4136 communione
851 4093 962 4139 arcere
984 4071 1024 4141 ὃ(
1037 4068 1223 4152 damnare,
1252 4098 1360 4169 quarn
1377 4077 1432 4146 tui
1449 4078 1699 4158 communione
1715 4075 1829 4153 beare
1844 4130 1861 4165 ,
1885 4107 1935 4156 ac·

584 4157 727 4330 puiesco
746 4159 884 4259 prorsus
901 4164 955 4237 isti
977 4189 1049 4239 tuae
1067 4166 1263 4252 voluntati,
1293 4171 1483 4269 eademque
1511 4170 1734 4246 submissione
1756 4182 1934 4280 excipiam

602 4260 787 4332 entenriam
812 4258 1046 4336 damnationis
1067 4287 1137 4360 qua
1165 4269 1361 4363 exciperem
1387 4264 1590 4343 sententiam
1624 4292 1763 4345 aeternae
1802 4271 1934 4351 salutis·

587 4353 661 4446 Qiu
679 4351 747 4429 huc
767 4351 874 4454 usque
889 4363 1045 4457 pervenit
1065 4406 1077 4442 ,
1104 4363 1188 4458 quis
1203 4362 1339 4436 dubitet
1358 4368 1443 4461 quin
1484 4366 1651 4440 [utimum
1668 4371 1706 4440 in
1729 4393 1860 4447 amore
1873 4372 1935 4448 Dei

470 4522 473 4528 .
584 4451 801 4557 profecerit}
827 4460 1004 4534 Caeterum
1017 4481 1088 4532 non
1099 4459 1222 4558 paullo
1239 4456 1420 4541 sublimior
1438 4391 1489 4539 eii
1507 4462 1614 4541 statiis
1631 4462 1874 4560 indifferentia.
1901 4477 1937 4546 u

1900 4587 1940 4643 00
