4667 5442
492 498 880 592 Htsrontn
937 495 1470 595 Hrtuosonuun.
1588 516 1690 629 309

330 657 564 757 indignissime
596 656 635 730 id
661 654 788 729 ferente
818 657 961 730 comite
981 656 1218 752 Tripolitano.
1271 655 1376 735 Unde
1401 652 1569 731 discordia
1596 658 1688 731 inter

332 761 431 854 regni
453 778 611 852 proceres
631 777 706 826 orta
725 754 909 825 Saladt'naon
931 757 1132 826 saracenum
1156 801 1168 834 ,
1196 755 1338 853 AEgypti
1360 778 1477 852 regem
1495 749 1686 854 potentilli·

332 877 460 933 mum,
490 854 550 951 qui
573 849 712 948 aliquot
732 873 810 922 ante
831 874 939 922 annos
964 851 1159 923 Dominum
1179 846 1276 923 suum
1287 850 1518 948 Caliphamin
1533 851 1688 950 AEgypto

334 950 576 1028 interemerat,
604 973 642 1018 ac
661 970 808 1045 regnum
828 942 1013 1026 invaserat,
1041 948 1076 1016 in
1097 946 1304 1020 Palaestinam
1324 949 1474 1021 attraxit.
1524 946 1589 1019 Ille
1602 969 1688 1019 vero

336 1039 548 1119 occasionem·
567 1045 732 1141 rapiens,
759 1069 828 1115 non
848 1044 1027 1141 regionem
1047 1038 1156 1114 solum
1170 1042 1401 1143 depopulatus
1411 1041 1484 1129 est,
1508 1038 1568 1115 sed
1578 1039 1686 1139 ipsam

334 1140 586 1237 Metropolim,
609 1144 703 1237 regni
723 1161 847 1237 caput,
875 1139 1123 1232 Hierosolymam
1141 1163 1372 1238 expugnatam
1385 1138 1585 1213 Christianis
1604 1139 1688 1211 ade-

337 1241 415 1310 mit.
467 1245 504 1309 ln
526 1260 595 1332 qua
615 1237 807 1308 calamitate
833 1234 1059 1307 nihilominus
1111 1235 1214 1308 lacuit
1232 1235 1388 1334 reliquiis
1412 1234 1688 1309 Christianorum

336 1336 383 1405 de
402 1335 500 1429 regni
519 1335 591 1422 jure
612 1334 701 1404 inter
721 1328 753 1402 se
774 1332 1004 1411 contendere,
1032 1260 1185 1404 &llindi
1204 1335 1386 1499 inpartes:
1413 1337 1597 1430 actumque
1609 1353 1686 1405 tum

337 1426 405 1501 stne
424 1430 533 1502 dubio
556 1428 599 1500 de
622 1430 720 1500 omni
740 1426 876 1499 fortuna
895 1451 1017 1499 eorum
1034 1422 1144 1500 fuiffet
1167 1454 1177 1501 ε
1205 1432 1265 1501 nit
1286 1454 1330 1501 ex
1350 1429 1534 1501 Germania
1555 1427 1685 1511 ,Gal-

335 1524 404 1607 lia,
433 1525 583 1624 Anglia,
611 1525 727 1605 ltalia,
755 1525 949 1604 Pannonia,
976 1547 1050 1619 quo
1069 1524 1157 1596 fama
1172 1524 1371 1598 calamitatis
1381 1524 1597 1624 pervolarat,
1622 1548 1685 1598 au·

338 1624 426 1697 xilia
444 1644 638 1718 opportuna
658 1620 898 1717 &frequentia
916 1620 982 1691 alia
1000 1620 1077 1716 post
1096 1621 1163 1692 alia
1184 1616 1391 1693 aduenillent
1412 1668 1423 1704 ,
1451 1645 1532 1720 quae
1550 1616 1687 1696 cursum
1782 1664 1786 1668 -

338 1722 560 1791 victoriarum
583 1717 733 1790 Saladini
747 1715 948 1797 inhibuere,
975 1721 1011 1788 ὃ(
1031 1716 1265 1799 Ptolemaida,
1292 1714 1442 1819 aliasque
1460 1720 1557 1818 regni
1574 1739 1691 1832 partes·

338 1815 545 1888 Christianis
560 1813 787 1887 restituerunt.
839 1813 968 1885 Eadem
992 1812 1217 1911 tempestate,
1244 1838 1335 1887 anno
1362 1834 1558 1898 uccxu,
1591 1838 1693 1914 pueri

337 1908 483 1985 diversae
501 1913 634 1992 aetatis,
660 1905 754 2008 quast
778 1909 891 1983 fauore
905 1909 1061 2008 quodam
1081 1913 1250 2007 correpti,
1282 1912 1319 1984 in
1335 1913 1504 1994 Saxonia,
1530 1910 1574 1984 ad
1594 1935 1693 1987 recu·

338 2010 553 2105 perandam,
578 2005 898 2104 utiloquebantur‚
925 2032 1059 2080 crucem
1069 2009 1239 2089 Domini,
1266 2029 1537 2109 congregantur:
1563 2030 1598 2081 at
1612 2007 1692 2106 ple·

338 2106 441 2201 rique
460 2108 496 2179 in
515 2103 688 2201 Alpibus,
717 2104 753 2174 in
769 2103 890 2189 ltalia,
919 2104 1091 2184 inSilvis,
1119 2104 1266 2204 frigore,
1295 2104 1406 2188 fame,
1434 2099 1692 2201 sttimiserepea

339 2204 483 2277 rierunt.
536 2209 575 2274 ln
592 2201 718 2274 Galliis
732 2201 853 2273 eadem
867 2201 1129 2298 fuitpuerorum
1146 2201 1338 2299 expeditio.
1388 2203 1526 2275 Excivit
1535 2200 1695 2274 cosado·

341 2295 470 2371 lescene
485 2298 655 2396 quidam,
682 2300 780 2371 vicos
797 2292 906 2385 urbes
924 2322 968 2369 ue
980 2297 1209 2372 obambulans
1219 2344 1232 2381 ,
1259 2323 1452 2397 canemque
1470 2297 1690 2383 cantilenam,

339 2397 439 2486 cujus
457 2392 592 2468 summa
612 2416 704 2477 crat,
730 2392 814 2489 Jesu
829 2323 953 2478 (brille
966 2420 1087 2468 cruam
1103 2415 1195 2469 tum
1210 2396 1297 2470 nobis
1308 2394 1458 2481 restitue:
1485 2420 1555 2494 qua
1568 2416 1693 2470 omnes

338 2495 441 2591 pueri
449 2494 497 2563 ita
510 2493 649 2565 excitati
659 2490 763 2573 fuere,
780 2493 888 2589 utqui
898 2514 1075 2564 canentem
1085 2491 1297 2574 audiveram,
1310 2518 1371 2567 eos
1384 2517 1444 2565 nec
1459 2488 1551 2574 serae,
1561 2514 1696 2563 necte·

339 2591 481 2687 pagula,
498 2587 732 2662 neccullodiae
743 2590 886 2662 retinere
901 2590 1090 2685 potuerint.
1143 2591 1193 2662 Hi
1207 2590 1572 2672 Maffilianrabiere,&
1584 2586 1695 2686 pleri·

337 2680 1694 2882 urrisun?fratrueli&‘arlrffrruulaluzb

491 2830 502 2863 Φ
954 2828 967 2863 2
1286 2830 1297 2867 2

339 2904 435 2953 anno
452 2878 579 2953 christi
592 2903 799 2963 uccxvu,
825 2879 870 2952 ad
892 2883 1116 2980 Jonaunau
1139 2807 1609 2962 unaunausnngllallum,
1636 2879 1694 2951 vi·-

338 2975 1021 3148 remurmurat:
1034 3002 1085 3145 a
1100 2972 1693 3148 qqgua

334 3171 459 3267 solym
480 3121 595 3244 lamen
614 3173 649 3243 in
664 3100 829 3268 plotestate
848 3098 1266 3244 Saracenorumgynlanente
1285 3217 1298 3254 ,
1324 3102 1425 3269 culpb
1436 3101 1606 3269 piaecipue
1618 3192 1695 3242 am·

342 3266 547 3342 bitiosrfflmi
571 3266 679 3369 legati
699 3267 863 3364 Papalis,
891 3290 1072 3362 perquam
1092 3267 1255 3338 Damiata
1280 3268 1385 3338 etiam
1405 3263 1539 3339 ruriam
1564 3258 1695 3341 amissa

337 3365 518 3443 Postremo
540 3370 782 3437 Furnautcus
801 3369 845 3434 ll.
867 3369 882 3433 Ι
945 3361 1172 3433 eratordusta
1192 3361 1227 3433 in
1240 3386 1388 3434 uxorem
1406 3362 1516 3452 θυῖε,
1539 3358 1610 3434 filia
1626 3367 1696 3461 Jo-

305 3459 308 3470 '
335 3461 465 3572 hannis
484 3456 706 3574 breonense,
735 3458 827 3573 (qui
841 3387 964 3574 ”llll
981 3458 1127 3556 rogandi
1148 3452 1256 3532 caulla
1280 3459 1480 3573 inltaliam
1498 3452 1691 3574 generant)

340 3578 595 3733 &Uilli
615 3554 1594 3749 {lssf'ssll'l‘ffi¹20l⁰;{l.²§{lliln⁹¹sll.ssllll
1608 3577 1698 3736 lt.

343 3751 565 3847 lherosolyma
587 3749 778 3825 decederet.
830 3758 884 3825 lta·
898 3746 969 3849 ipfe
993 3774 1072 3822 cum
1091 3744 1163 3822 fuis
1180 3750 1302 3824 urbem
1326 3743 1492 3850 ingrellus
1507 3775 1599 3824 anuo
1612 3756 1692 3821 Do·

344 3850 436 3928 mini
455 3871 661 3930 neexxrx,
688 3849 746 3920 die
756 3874 818 3922 xv.
832 3848 916 3920 Kal.
929 3845 1043 3944 April.
1059 3841 1205 3920 solemni
1222 3851 1290 3922 ritu
1307 3895 1318 3931 ,
1369 3846 1578 3921 audentibua
1589 3845 1699 3921 Clari·

343 3946 460 4023 stianis
476 3945 638 4018 omnibus
654 3947 717 4042 qui
735 3949 771 4017 in
787 3940 867 4017 aia
886 3966 982 4017 erant
1001 3990 1016 4024 ,
1039 3939 1154 4023 solam
1174 3943 1341 4018 fremente
1385 3948 1501 4018 ormni
1517 3940 1697 4019 rontbcie

342 4043 514 4123 haione,
541 4065 670 4116 corona
684 4043 780 4142 regia
797 4041 848 4114 est
867 4063 1023 4113 ornatur..
1070 4039 1295 4114 Horrendum
1310 4037 1467 4139 perfidie·
1492 4040 1698 4139 exemplum

344 4138 424 4221 est,
447 4137 546 4236 quod
559 4140 599 4210 in
615 4143 862 4235 Imperatorem
873 4135 966 4211 hune
986 4135 1159 4229 Temptavit
1173 4136 1377 4218 ediderunt,
1403 4160 1509 4237 atque
1527 4135 1612 4213 binc
1625 4160 1698 4211 cae»

342 4260 429 4311 tera.
440 4233 628 4308 bominum
644 4230 767 4309 seelera
778 4232 941 4307 aeliimea.
986 4240 1070 4305 Pace
1089 4232 1183 4305 inter
1196 4231 1696 4332 imperatoremm'olbmu

342 4333 434 4410 facia
453 4380 464 4415 ,
492 4327 709 4404 constituerat
723 4330 785 4405 ille
805 4331 843 4402 in
860 4330 1076 4430 Jordanem,
1100 4328 1160 4401 ubi
1175 4324 1268 4401 sacro
1289 4326 1489 4431 baptifinate
1502 4331 1628 4405 tineus
1646 4326 1701 4405 el}

342 4427 533 4518 Chslstffle
554 4426 696 4507 imm
719 4422 918 4530 txspttiaai·
962 4425 1007 4505 ld
1032 4425 1189 4617 Saltim
1218 4421 1452 4533 slgssffitwt
1475 4428 1695 4528 Tempani.
