4667 5442
1811 437 2537 520 »κε-ητις).
3519 449 3633 539 87

909 641 1513 738 apportamu33
1569 620 1710 711 sed
1744 621 2043 711 eadem
2091 652 2342 734 quam
2374 625 2738 712 Ma‘ores
2795 618 3318 715 crediderunt
3358 630 3637 727 vestri.

908 742 1106 825 Hoc
1144 740 1421 827 saltem
1467 738 1910 827 discrimine
1957 739 2187 849 quod
2244 736 2483 822 diluci
2547 740 2669 822 ius
2726 738 2995 823 multo
3038 750 3117 824 δε
3174 745 3339 828 fine
3385 744 3631 832 invo-

910 852 1155 939 lucris
1194 881 1378 939 eam
1418 878 2035 964 proponamus,
2072 853 2265 937 Deo
2323 854 2727 961 sapienter
2766 850 2848 937 id
2902 854 3013 938 ita
3069 853 3632 965 dispensante,

911 990 1006 1054 ut
1041 967 1360 1080 planior
1392 963 1581 1052 haec
1634 967 1745 1049 sui
1824 966 2199 1080 cognitio
2251 959 2574 1052 Meffiae
2631 962 3156 1075 temporibus
3211 969 3636 1072 asservare·

913 1101 1099 1185 tur,
1167 1107 1342 1167 non
1398 1077 1837 1166 revelanda
1897 1081 2041 1165 nifi
2099 1103 2257 1189 per
2303 1076 2594 1176 filium,
2754 1080 2893 1169 Ast
2946 1100 3273 1184 tecum,
3328 1088 3631 1189 ιεὲἶον,

914 1190 1155 1281 brevi
1212 1191 1575 1302 colloqui
1629 1193 2268 1305 proposueram,
2333 1204 2417 1278 &
2463 1192 2728 1277 rursus
2775 1217 2917 1277 me
2953 1191 3316 1304 impetus
3356 1195 3456 1280 ad
3490 1197 3628 1302 Ju-

921 1306 1157 1397 daeos
1198 1302 1573 1416 abripuit.
1694 1306 1888 1391 Hoc
1944 1327 2038 1392 te
2071 1304 2667 1391 tantummodo
2723 1305 3146 1390 monitum
3185 1299 3575 1394 volebam
3602 1338 3640 1395 ε

919 1448 1106 1508 non
1145 1445 1285 1505 me
1333 1417 1523 1506 haec
1565 1441 2103 1533 argumenta,
2136 1418 2472 1529 quaessrd
2508 1417 2952 1505 hominem
2985 1419 3250 1506 modo
3292 1424 3466 1508 sunt
3495 1430 3645 1527 (ut

921 1538 1449 1643 loquuntur)
1493 1534 1587 1617 iis
1646 1534 2143 1646 aequiparare
2205 1560 2400 1642 quae
2444 1531 2677 1619 nude
2733 1528 3251 1620 deducuntur
3295 1560 3393 1621 ex
3445 1537 3634 1621 scri-

923 1650 1212 1762 pturis,
1320 1646 1856 1755 Neutiquam.
1981 1646 2152 1734 Sed·
2200 1644 2416 1733 hanc
2480 1673 2630 1733 me
2671 1646 3114 1759 ingrestum
3153 1648 3312 1734 effe
3359 1648 3570 1735 viam
3604 1712 3644 1748 ,

924 1786 1110 1848 tum
1154 1757 1388 1870 quod
1436 1761 1835 1846 nescirem
1874 1787 1975 1844 an
2017 1761 2062 1845 ὲ
2118 1785 2543 1870 quoquam
2581 1758 2665 1843 id
2733 1754 3080 1845 antehac
3138 1786 3238 1847 ex
3276 1757 3646 1872 profeffo

927 1895 1346 1963 tentatum
1377 1876 1507 1979 fit,·
1568 1894 1758 1960 tum
1871 1872 2051 1959 uod
2089 1868 3271 1976 exifflmarem‚hodiernorum
3315 1873 3642 1986 perfidi-

929 2018 1070 2077 am
1121 1985 1227 2073 ab
1261 1990 1793 2099 antiquorum
1897 1985 2001 2074 de
2067 1987 2432 2072 maximo·
2457 1984 2894 2092 intervallo
2922 1986 3208 2072 distare
3234 1981 3412 2072 h'oc
3446 2016 3650 2077 mo·

929 2102 1047 2192 do
1086 2102 1551 2189 commode
1598 2100 2126 2190 demonstrari
2154 2099 2438 2213 ροίῖἒς
2480 2099 2569 2185 id
2607 2101 2891 2188 saltem
2941 2094 3349 2203 obtineri,
3437 2100 3644 2190 doc-

929 2219 1236 2307 trinam
1272 2219 1629 2304 nostram
1669 2213 1772 2303 de
1795 2213 1969 2301 hoc
2001 2214 2358 2301 articulo·
2382 2241 2558 2300 non
2590 2234 2771 2300 tam
2799 2216 3123 2301 exosam
3160 2209 3457 2318 Judaeis
3481 2217 3651 2303 effe

932 2325 1246 2420 debere
1292 2396 1316 2427 ,
1393 2328 2075 2441 quandoquidem
2133 2355 2329 2415 cum
2384 2328 2774 2414 Dostrina
2837 2339 2921 2415 δε
2992 2324 3416 2415 Phrafibus
3485 2331 3650 2416 Pa-

930 2466 1155 2535 trum
1186 2443 1545 2555 ipsorum
1579 2463 1762 2529 tam
1787 2439 2364 2529 admirandum
2389 2442 2482 2527 in.
2513 2439 2876 2527 modum
2901 2441 3346 2554 conspiret..
3449 2444 3656 2532 Hoc

1050 2560 1107 2646 fi
1150 2560 1480 2647 evicero
1517 2622 1545 2656 ,
1604 2557 1788 2642 voti
1821 2555 2161 2642 damnas
2181 2557 2386 2642 sum.
2496 2555 2664 2655 Tu,
2718 2566 2849 2641 Pie
2885 2560 3171 2649 Leffor,
3229 2557 3366 2641 seu
3397 2555 3545 2666 Ju-

1250 2667 1538 2770 daeus,
1583 2667 2295 2774 seuChristianus,
2322 2669 2468 2755 seu
2610 2670 2970 2783 icunque
3005 2665 3360 2760 tandem
3407 2677 3418 2686 '
3605 2685 3612 2692 '

1867 2788 2027 2894 fis,
2061 2780 2258 2875 vide
2287 2781 2486 2899 &ju
2548 2785 2701 2871 'ca-
2841 2881 2846 2886 ,

3392 4261 3655 4373 DIS-
