4667 5442
486 466 595 572 666
814 414 1035 560 Oratio
1082 464 1260 559 Iunuc.
1295 421 1608 604 Paruum·
1718 568 1721 575 ,

488 648 593 706 tecm
618 622 836 713 callentium
856 632 948 704 Deus
975 646 1049 701 turra
1069 649 1168 724 quotu
1211 652 1249 701 ue
1267 628 1373 702 iveri.
1420 629 1521 702 Licet
1543 620 1752 700 infirmitatis
1776 645 1834 698 me

487 751 576 802 meae
596 720 799 801 conscientia
820 725 961 799 anxium
979 723 1122 807 reddat,
1149 749 1185 797 re
1210 726 1256 798 cit
1281 745 1396 797 tamen
1419 724 1558 797 Divinae
1570 723 1717 821 gratiae,
1744 746 1833 797 nun·

489 848 597 924 quarn
614 816 694 895 suos
713 816 919 903 deserentis,
946 819 990 892 ad
1009 814 1262 894 sustentandum
1279 842 1439 918 prompta
1451 818 1606 894 facilitas.
1660 818 1762 894 Illius
1773 842 1832 892 au·

487 940 559 996 tem
578 921 720 1019 gratiae,
748 918 803 991 cui
813 915 964 991 lubitum
981 916 1027 992 est
1043 920 1204 989 virtutem
1218 910 1312 990 suam
1322 918 1361 989 in
1372 914 1566 990 infirmitate
1577 911 1828 998 consummare,

487 1040 639 1116 quaeque
653 1008 980 1110 abjedilsrmissaepe
1003 1016 1040 1085 δι
1058 1015 1106 1085 rei
1123 1012 1282 1111 gerendae
1299 1013 1443 1086 minime
1454 1011 1590 1085 idoneis
1600 1009 1831 1088 instrtunentit

487 1116 626 1197 utitur,
653 1134 693 1186 ut
720 1112 828 1184 totius
844 1110 958 1210 operis
976 1108 1087 1209 gloria
1111 1112 1147 1183 in
1173 1103 1324 1183 solidum
1344 1133 1383 1181 ac
1401 1106 1535 1184 illibata
1560 1104 1621 1182 fibi
1642 1125 1826 1184 remaneat.

486 1212 633 1286 Faciunt
651 1231 900 1306 nonnunquam
923 1205 1014 1279 dona
1035 1208 1103 1279 Dei
1121 1207 1280 1289 minora,
1310 1205 1409 1303 quod
1428 1230 1498 1278 non
1518 1201 1657 1302 poliunt
1677 1207 1827 1295 majora:

520 1308 624 1404 uippe
641 1328 752 1404 quum
771 1301 842 1377 haec
858 1302 957 1402 vulgi
974 1325 1112 1400 captum
1129 1300 1307 1399 superent,
1326 1305 1381 1377 cui
1400 1301 1463 1377 illa
1487 1302 1598 1400 magis
1609 1323 1830 1400 attemperata

489 1331 581 1480 sunt.
631 1400 744 1476 Potest
759 1399 798 1471 id
816 1424 835 1471 e
852 1400 971 1499 digitis
991 1400 1175 1482 minimus,
1203 1397 1302 1494 quod
1320 1423 1391 1471 non
1414 1395 1525 1497 potest
1543 1398 1732 1474 maximus.
1767 1405 1830 1474 Po·

488 1498 553 1577 test
562 1498 709 1579 ferrum,
737 1494 835 1593 quod
850 1521 921 1569 non
958 1493 1043 1569 otest
1052 1519 1183 1568 aurum.
1234 1499 1278 1567 Et
1291 1519 1350 1567 cur
1366 1519 1433 1568 non
1444 1494 1544 1567 liceat
1564 1493 1668 1568 nobis
1687 1490 1826 1594 sperare.

489 1620 560 1673 non
574 1593 768 1667 defuturam
788 1615 877 1667 nunc
892 1521 1004 1666 laseri
1023 1590 1137 1664 nollro
1155 1590 1517 1665 cambenedictionem
1537 1637 1548 1674 ,
1577 1616 1648 1689 qua
1666 1614 1768 1667 antea
1781 1614 1829 1666 te·

490 1715 577 1767 nues
596 1711 737 1766 conatus
759 1682 934 1786 prosecuta
948 1689 1092 1760 Domini
1104 1686 1296 1784 benignitas
1316 1683 1387 1761 est?
1413 1686 1541 1760 Saltem
1553 1690 1617 1762 ini
1644 1682 1711 1764 frus
1719 1688 1829 1763 nomi·

492 1813 554 1872 ne,
577 1785 675 1886 quod
688 1784 772 1859 felix
792 1782 1006 1881 faustumque
1025 1781 1088 1856 else
1108 1783 1252 1875 jubeat,
1279 1786 1362 1857 novi
1381 1785 1531 1857 muneris
1553 1810 1597 1858 au
1612 1786 1748 1883 picium
1763 1782 1824 1858 ho·

491 1884 549 1959 die
567 1886 664 1959 facio.
716 1889 755 1955 In
777 1906 851 1978 quo
875 1876 1022 1953 fideliter
1040 1880 1204 1952 obeundo
1222 1901 1262 1953 ut
1285 1881 1397 1952 minus
1416 1904 1622 1979 peccarem,
1651 1879 1725 1978 ipse
1746 1877 1824 1957 milri

491 2002 585 2056 usal
613 2005 665 2055 rc
695 2000 854 2052 srucrnr
883 1983 1092 2049 anotoor
1114 1976 1228 2049 ideam
1245 1975 1485 2072 praeformavi,
1512 2002 1620 2075 quam
1641 1981 1689 2053 ob
1711 1979 1825 2056 oculos

489 2074 622 2177 semper
638 2076 796 2149 haberem
807 2121 820 2158 ,
848 2097 1022 2171 quamque
1034 2071 1098 2146 hac
1112 2074 1292 2154 oratione,
1320 2074 1446 2147 nativis
1456 2095 1626 2169 quantum
1636 2099 1724 2173 pote
1736 2076 1826 2151 colo·

487 2177 583 2251 ribus
599 2173 866 2284 suisdepidam,
889 2168 1190 2266 contemplandam
1200 2167 1301 2241 vobis
1312 2165 1433 2242 ollerre
1444 2171 1591 2245 decrevi.
1645 2172 1714 2250 Uti
1727 2176 1825 2269 Moy·

488 2268 514 2347 st
533 2272 711 2370 quondam
721 2294 757 2341 m
770 2289 888 2340 monte
902 2265 1002 2342 instar
1015 2262 1261 2338 monstrabatur
1270 2265 1476 2339 tabernaculi
1487 2266 1530 2338 ab
1544 2263 1621 2363 ipso
1637 2269 1823 2343 confimar-

382 2433 387 2450 .
489 2369 552 2457 di3
576 2371 624 2443 ita
642 2391 710 2468 ego
724 2363 811 2439 hanc
830 2363 917 2436 mihi
935 2362 1081 2437 formam
1098 2362 1203 2434 officii
1223 2364 1291 2433 mei
1308 2362 1388 2461 juge
1399 2362 1574 2461 exemplar
1585 2360 1651 2438 else
1661 2366 1768 2441 volo:
1785 2357 1824 2438 ad

517 2465 590 2538 uod
609 2490 679 2539 non
708 2463 852 2538 omnino
875 2460 1053 2534 infeliciter
1069 2459 1332 2554 exprimendum
1351 2504 1363 2538 ,
1389 2462 1516 2533 virtute
1534 2464 1685 2538 Domini
1704 2461 1821 2554 freno,

488 2487 610 2640 sedulo
626 2564 759 2643 enitar,
787 2581 824 2632 ac
837 2558 898 2628 ubi
916 2550 1133 2653 caespitauero
1145 2553 1334 2629 identidem
1345 2579 1533 2645 recurram3
1557 2559 1601 2633 ab
1610 2556 1744 2634 infinita
1754 2563 1824 2632 Nu·

489 2660 594 2736 minis
609 2656 812 2738 clementia,
832 2656 869 2726 δι
891 2654 1014 2733 velita,
1035 2659 1212 2735 proceres,
1238 2651 1419 2734 facilitate,
1449 2652 1646 2730 defcduum
1668 2655 1756 2731 mihi
1772 2677 1822 2727 vt·

489 2756 583 2830 niam
596 2751 799 2848 pollicitus,
828 2746 1098 2860 quotiescunque
1112 2750 1245 2848 magnis
1258 2745 1343 2821 aufis
1353 2749 1508 2824 excidere
1526 2755 1717 2852 continget.
1743 2753 1821 2844 Quis

490 2851 583 2924 enim
595 2850 663 2922 suae
682 2845 743 2919 fibi
756 2848 932 2919 tenuitatis
947 2842 1116 2926 conscius,
1137 2871 1207 2918 non
1226 2846 1377 2928 viribus,
1397 2871 1467 2918 non
1479 2873 1592 2921 rerum
1607 2850 1816 2948 experientia

489 2968 594 3023 tantae
609 2944 698 3018 moli
716 2967 799 3041 par,
822 2943 892 3015 mei
912 2942 989 3015 deni
1018 2966 1060 3012 ue
1077 2937 1219 3024 similis,
1245 2944 1395 3038 inopere
1414 2966 1483 3016 tarn
1495 2945 1628 3030 arduo,
1656 2935 1717 3020 sul)
1729 2965 1817 3020 onere

488 3041 539 3118 du
564 3044 692 3124 litato,
719 3040 915 3137 frequentes
928 3039 985 3112 fat’
1003 3040 1110 3112 centis
1126 3035 1270 3111 subinde
1285 3042 1388 3112 animi
1401 3041 1626 3117 titubationes
1645 3047 1817 3119 vitaturum

489 3068 561 3216 sese)
578 3134 784 3240 praesumat?
808 3141 913 3236 Juvat
925 3159 1037 3210 tamen
1051 3135 1231 3234 perfedam
1247 3133 1462 3235 numerisque
1476 3130 1815 3216 omnibusabsolutis·

488 3236 609 3314 sunam
628 3232 689 3308 srbi
705 3229 852 3332 speciem
869 3233 1080 3317 deformare,
1106 3232 1269 3330 adquam
1282 3233 1431 3306 defedus
1441 3237 1600 3333 proprios
1614 3236 1815 3311 meliuscou·

488 3330 633 3434 spiciens
646 3356 751 3430 quam
761 3328 957 3405 humillime
972 3332 1016 3403 de
1035 3354 1069 3403 te
1088 3325 1235 3411 sentias,
1262 3331 1300 3404 dc
1318 3355 1433 3403 coram
1449 3332 1527 3405 aliis
1545 3329 1734 3410 salutariter
1751 3352 1817 3405 eru·

489 3428 629 3517 bescas3
656 3426 956 3527 cujusqueintuitu
967 3430 1076 3501 acrius
1088 3427 1133 3499 ad
1142 3426 1294 3498 officium
1306 3425 1532 3501 exstimuleris
1540 3476 1552 3512 ,
1575 3451 1818 3529 certus,quan·

487 3548 700 3625 tumtunque
719 3523 931 3622 praestiteris,
958 3519 1126 3598 immenso
1143 3546 1177 3597 te
1189 3520 1300 3600 adhuc
1314 3524 1705 3628 intervalloaproposrti
1714 3547 1816 3603 exem·

488 3623 594 3724 plaris
615 3621 831 3696 accuratione
851 3621 1063 3695 abfuturum.

587 3724 840 3794 Tnsotooum
862 3741 971 3816 quum
985 3716 1086 3800 dico,
1107 3740 1188 3791 eum
1206 3718 1387 3820 intelligo,
1411 3722 1472 3820 qui
1500 3717 1610 3795 solida
1633 3724 1703 3797 Dei
1722 3724 1814 3798 &rt-

486 3840 567 3891 rum
586 3817 790 3891 Divinarum
810 3816 1030 3911 cognitione,
1057 3809 1132 3912 ipso
1152 3818 1231 3889 Deo
1252 3816 1442 3916 Magistro,
1466 3818 1643 3902 imbutus,
1668 3845 1737 3894 non
1754 3839 1814 3891 ver·

489 3911 544 3985 bis
564 3913 749 3993 duntaxat,
769 3909 828 3983 sed
846 3917 883 3984 δι
896 3909 1052 3982 universo
1071 3913 1153 3984 vitae
1169 3906 1237 3985 suae
1249 3914 1425 3997 instituto,
1452 3915 1669 3990 admirandas
1679 3919 1745 3990 Dei
1756 3914 1812 3986 rir-

487 4029 579 4081 tutes
596 4009 764 4089 celebrat,
791 4002 953 4105 totusque
970 4007 1059 4080 adeo
1078 4007 1121 4081 ad
1134 4004 1235 4106 ipsius
1252 4010 1400 4107 gloriam
1420 4011 1476 4087 est.
1526 4012 1634 4088 Tales
1654 4014 1740 4088 olim
1752 4008 1813 4086 san·

487 4107 530 4177 ui
549 4104 748 4180 Patriarchae
765 4124 878 4185 erant,
904 4102 988 4176 tales
1001 4107 1179 4182 Divinitus
1194 4104 1345 4203 inspirati
1357 4107 1558 4207 Prophetae,
1585 4110 1675 4185 tales
1685 4097 1812 4184 univni

486 4202 581 4275 orbis
601 4206 768 4274 Dostores
782 4199 961 4297 Apostoli,
983 4200 1067 4275 tales
1086 4202 1221 4299 aliquot
1231 4228 1350 4278 eorum
1364 4230 1455 4302 quos
1467 4214 1582 4281 Patres
1593 4210 1812 4282 nominamus,

484 4295 554 4377 late
573 4295 783 4398 splendentia
804 4296 921 4395 priscae
936 4295 1089 4374 Ecclesrae
1107 4298 1262 4375 lumina:
1288 4326 1437 4397 quorum
1458 4299 1596 4377 scientia
1615 4330 1688 4379 non
1703 4304 1737 4379 in
1747 4321 1814 4377 acu·

483 4395 625 4478 uinatis
641 4387 848 4494 curiosarum
866 4394 1094 4497 questionum
1104 4391 1373 4496 subtilitatibus,
1393 4391 1637 4483 sediadcrota
1645 4401 1715 4480 Dei
1716 4396 1815 4580 phri-

650 4527 654 4534 .
1754 4513 1811 4600 qus
