4667 5442
645 497 894 612 Juurcrun
931 522 997 588 oe
1038 522 1160 590 rsrrs
1197 498 1518 595 Panauoxrs.
1684 504 1784 630 635

434 660 624 742 recordabor
641 662 785 761 entplittt.
803 660 897 738 Heb.
909 684 951 738 vr
962 687 975 738 1
987 686 1018 737 ιτ
1033 687 1089 739 12.
1140 662 1277 737 Hocest
1288 666 1507 764 privilegium
1521 662 1675 740 fidelium
1686 668 1785 764 quod

436 765 474 835 in
486 759 623 834 Christo
637 759 785 856 habeant
794 765 1032 856 redemptionem
1043 778 1104 857 per
1113 759 1295 857 forgninem
1310 759 1428 857 ipsus,
1453 767 1652 859 remissionem
1665 764 1784 855 lapsum

436 862 592 933 exdinite
608 855 702 954 ipfire
715 860 840 951 gratie.
861 856 1048 956 Eph.1:7.
1099 862 1185 933 Non
1203 858 1421 951 quorundam
1434 859 1622 956 duntaxat,
1647 856 1782 934 sedsrne

437 957 663 1053 exceptione,
691 955 863 1027 omnium.
914 960 1008 1027 Nam
1025 952 1179 1028 Christus
1195 950 1356 1053 sanguine
1377 954 1439 1028 suo
1458 962 1782 1032 eternamredemtio-

437 1075 510 1125 rtem
527 1054 634 1126 nanee
652 1048 705 1136 est.
732 1050 908 1127 Heb.1x:
930 1073 985 1124 12.
1005 1050 1124 1135 idest,
1152 1052 1249 1142 cujus
1272 1054 1433 1127 meritum
1458 1056 1496 1126 &
1518 1054 1662 1129 efficacia
1678 1056 1714 1126 in
1733 1064 1781 1127 ae·¹

435 1168 574 1222 ternum
591 1147 692 1258 duret
709 1193 721 1232 ,
748 1148 786 1220 δε
804 1171 876 1222 non
893 1148 1008 1221 minus
1027 1149 1064 1221 in
1081 1147 1237 1222 futurum
1250 1143 1283 1221 se
1297 1152 1469 1249 porrigat,
1497 1148 1782 1247 quamvaletcir·

435 1268 476 1321 ca
496 1266 679 1344 praeterrta.
1670 1265 1674 1272 ’
1917 1309 1921 1314 .

447 1381 450 1388 -
535 1345 599 1414 1v.
629 1347 732 1416 Secus
752 1337 776 1415 fi
797 1340 914 1426 foret,
951 1367 1054 1415 nemo
1081 1366 1125 1415 ex
1154 1339 1386 1434 justificatione
1414 1336 1578 1414 solidam·
1594 1343 1783 1439 perciperet
1845 1367 1901 1434 ιν,

437 1432 722 1513 consolationem.
774 1439 871 1528 Quid
888 1442 980 1512 enim
991 1436 1198 1530 juvatscire,
1226 1464 1264 1510 ea
1285 1434 1397 1510 solum
1417 1462 1496 1536 quae
1508 1437 1667 1511 haetenus
1685 1464 1783 1514 com·

439 1530 515 1607 mist
534 1558 669 1631 peccata
682 1535 874 1609 condonata
894 1535 979 1609 mihi
1001 1532 1087 1617 else,
1114 1536 1245 1609 durnin
1261 1530 1389 1631 singula
1399 1558 1574 1608 momenta
1586 1559 1704 1631 pecco,
1716 1535 1783 1607 no·

438 1653 523 1702 vum
552 1657 595 1703 ue
606 1632 692 1704 mihi
702 1631 859 1704 debitum
871 1632 1060 1705 contraho?
1086 1639 1140 1704 An
1155 1659 1224 1706 non
1242 1654 1341 1727 aeque
1357 1633 1519 1713 anxium,
1548 1633 1608 1729 qui
1628 1628 1782 1704 conscius

440 1724 504 1800 sibi
523 1658 582 1808 st,
604 1752 712 1801 unum
732 1728 788 1800 vel
806 1730 1064 1802 minutissimum
1084 1752 1291 1825 peccatum,
1316 1752 1388 1812 non
1405 1726 1661 1812 condonatum,
1688 1725 1782 1802 suffi-

440 1848 517 1899 cere
536 1826 580 1896 ad
600 1827 637 1896 id
653 1846 691 1896 ut
709 1824 910 1899 excludatur
925 1824 1040 1898 coelo?
1710 1841 1712 1848 ·

539 1926 585 1995 V.
612 1926 696 2007 Quo
717 1942 832 1993 autem
849 1920 1073 1994 fundamento
1090 1921 1133 1993 de
1152 1921 1404 2017 praeteritorum
1426 1940 1641 2016 peccatorum
1663 1915 1782 1996 remis-
1860 1925 1899 1989 V·

439 2014 533 2091 stone
551 2020 749 2092 certioratur
768 2015 920 2090 hominis
939 2019 1107 2091 credentis
1125 2015 1287 2089 animus?
1312 2015 1522 2090 Nullocerte
1536 2018 1605 2089 alio
1618 2017 1782 2113 nifrquod

440 2115 502 2187 isla
517 2118 551 2186 in
572 2112 926 2210 Christumimpasta,
948 2115 991 2187 ab
1009 2110 1184 2211 ipsolata,
1211 2114 1249 2186 &
1263 2108 1458 2186 ablatasrnt.
1490 2112 1781 2212 .1dnondeprae-
1821 2141 1825 2148 ·

439 2214 549 2283 teritis
566 2207 679 2282 solum
697 2213 865 2307 peccatis,
892 2205 950 2281 sed
975 2210 1152 2283 &futuris
1176 2234 1275 2306 aeque
1300 2233 1422 2282 verum
1445 2207 1525 2283 est:
1560 2233 1659 2292 nam,
1683 2210 1783 2308 quod
1918 2261 1945 2284 s,

437 2309 549 2380 modo
562 2309 683 2379 monui
696 2335 715 2389 ,⁶
734 2306 885 2381 nostrum
904 2308 967 2404 qui
985 2330 1078 2384 nunc
1089 2309 1241 2378 vivimus
1258 2302 1407 2404 respectu
1424 2352 1435 2388 ,
1464 2308 1579 2379 omnia
1592 2310 1716 2403 pariter
1728 2308 1782 2380 fu·

438 2424 515 2476 tura
532 2426 646 2484 erant,
673 2403 759 2475 dum
774 2401 929 2476 Christus
941 2427 1005 2499 pro
1021 2406 1065 2475 iis
1077 2398 1248 2477 satisfecit.
1301 2408 1389 2495 Quae
1400 2426 1483 2501 ergo
1493 2406 1581 2476 ratio
1592 2426 1694 2485 vetat,
1708 2406 1783 2477 imo

437 2524 520 2598 quae
534 2500 581 2573 est
600 2524 678 2598 quae
695 2511 765 2571 non
776 2498 919 2589 jubeat,
945 2499 1126 2572 hominem
1141 2497 1280 2573 fidelem
1300 2499 1455 2581 credere,
1478 2525 1548 2573 non
1566 2503 1676 2598 magis
1690 2499 1785 2572 futu·

438 2622 477 2671 ra
493 2596 552 2669 fibi
585 2618 722 2693 peccata
746 2594 790 2667 ad
810 2595 1134 2670 condemnationem
1157 2597 1367 2693 imputatum
1390 2596 1433 2667 iri
1457 2620 1562 2693 quam
1587 2598 1783 2694 praeterita;

387 2717 390 2724 ·
438 2696 608 2791 quoniam
629 2692 937 2814 (Jhristusillanon
951 2695 1066 2768 minus
1079 2718 1184 2794 quam
1197 2693 1271 2771 haec
1283 2692 1408 2768 eodem
1420 2688 1581 2791 sanguine
1592 2693 1785 2791 eademque

439 2813 784 2962 monisspsiisfims
809 2888 1003 2963 admodum
1028 2891 1065 2962 in
1088 2882 1177 2963 hanc
1197 2915 1270 2964 rem
1287 2887 1424 2965 {Paulus
1453 2884 1511 2963 est.
1535 2892 1642 2964 Rom.
1667 2910 1778 2963 vm.
1847 2892 1901 2955 VI»

438 2985 562 3066 Noua,
587 2987 724 3083 inquit,
753 3011 796 3060 ne
814 3012 882 3059 una
900 2987 1067 3086 quidem,
1092 2992 1306 3063 condemnatio
1324 2985 1365 3070 eli
1385 2990 1424 3059 ir'e
1445 2990 1499 3085 qui
1512 2986 1587 3075 funt
1604 2991 1638 3060 in
1659 2984 1783 3070 ciniso

438 3080 535 3176 θείη.
586 3083 738 3155 Nullum
781 3080 893 3156 torsus
910 3106 1117 3182 peccatum,
1147 3087 1245 3180 quod
1264 3084 1587 3158 condemnationem
1600 3084 1643 3154 iis
1663 3083 1782 3156 illatu-

438 3203 517 3253 rum
534 3176 586 3253 srt.
637 3181 737 3252 Licet
754 3109 937 3260 fidelibus,
965 3181 1069 3252 etiam
1084 3181 1120 3250 in
1134 3179 1310 3261 futurum,
1338 3176 1445 3250 sancte
1454 3173 1576 3251 securis
1587 3175 1663 3250 effe.
1689 3182 1783 3252 Nam

440 3280 468 3346 ie
499 3280 555 3369 qni
571 3278 700 3369 proprio
719 3275 790 3365 filio
821 3300 882 3348 non
911 3278 1075 3371 pepercit,
1095 3274 1149 3360 fed
1174 3298 1245 3347 eunt
1267 3293 1328 3370 pro
1347 3271 1434 3347 nobie
1451 3277 1607 3354 tradidit,
1633 3277 1783 3368 quomodo

387 3401 390 3426 r·
439 3396 503 3442 non
518 3373 617 3443 etiem
635 3395 706 3443 eum
725 3396 761 3445 eo
777 3368 863 3441 nobt'e
882 3376 985 3443 neemia
996 3365 1263 3466 gratificabitur?
1287 3372 1419 3441 Omnia
1442 3393 1552 3466 quum
1571 3368 1655 3442 dicit
1674 3415 1685 3450 ,
1713 3392 1784 3441 non

439 3476 533 3539 certe
554 3468 683 3565 excipit
706 3486 923 3565 peccatorum
945 3514 956 3549 ‚
991 3490 1070 3564 quae
1089 3465 1248 3564 quotidie
1273 3460 1445 3539 admissuri
1466 3462 1611 3548 sumus,
1638 3467 1785 3539 veniam.

439 3566 498 3639 Sic
516 3564 607 3636 enim
620 3567 735 3664 pergit
754 3592 763 3639 ε
789 3564 880 3662 Qui
891 3562 1059 3639 intentabit
1074 3567 1209 3638 crimina
1229 3564 1378 3654 auersus
1395 3562 1509 3638 elesius
1529 3564 1626 3639 Dei?
1652 3565 1785 3640 Dmt't

439 3659 485 3748 est
506 3666 561 3755 qui
576 3660 742 3752 iustificat,
776 3661 818 3733 ab
841 3664 937 3736 omni
954 3667 1094 3760 peccato
1118 3657 1277 3735 absolvit.
1329 3662 1420 3760 Qie
1442 3657 1485 3743 est
1504 3664 1559 3758 qui
1575 3660 1783 3734 condemnat?

441 3757 583 3841 chettim
603 3756 687 3841 istst
706 3764 762 3857 qui
778 3757 1010 3846 metueres,
1043 3761 1080 3832 &
1103 3759 1287 3832 moriendo
1313 3784 1378 3857 pro
1395 3757 1558 3831 omnibus
1576 3759 1611 3830 in
1629 3752 1780 3837 solidum

441 3858 591 3955 peccatis
609 3853 793 3938 satisfecit,
819 3850 914 3928 scisso
930 3857 965 3928 iu
988 3880 1087 3929 cruce
1100 3853 1351 3953 chirographo:
1378 3859 1441 3929 ieno
1459 3880 1537 3929 vero
1557 3857 1612 3952 qui
1621 3858 1720 3929 etiam
1730 3852 1783 3944 su·

437 3951 645 4043 tiitatutesh
669 3960 940 4050 acceptaaPatre
954 3948 1356 4064 praestitaesatisfaftionis
1370 3950 1522 4048 apocha:
1547 3975 1627 4048 quae
1640 3976 1710 4024 nou
1723 3945 1785 4050 ipst
1913 4017 1926 4052 r

445 4073 581 4124 tantum
600 4047 723 4131 servit,
750 4075 792 4121 nc
812 4054 936 4123 iterum
956 4075 991 4121 tn
1005 4053 1059 4140 jus
1072 4050 1187 4122 vocari
1207 4049 1333 4147 queat,
1361 4044 1536 4120 sedetiam
1552 4047 1782 4130 debitoribus,

444 4171 513 4243 pro
530 4148 657 4245 quibus
669 4143 847 4244 sponsorio
866 4146 970 4220 titulo
990 4143 1171 4223 satisfecit:
1197 4149 1254 4244 qui
1272 4150 1371 4219 etiam
1390 4143 1432 4229 est
1450 4149 1491 4218 ad
1520 4149 1684 4219 dexteram
1708 4148 1786 4226 Dei,

444 4267 521 4342 quo
533 4250 709 4340 pervenire
725 4267 795 4317 non
808 4244 924 4340 potuit
940 4240 999 4316 nist
1013 4241 1106 4334 fatie
1164 4245 1216 4317 ius
1229 4239 1660 4339 purificationepeccatoruen
1674 4241 1787 4320 notro

442 4364 520 4415 tran
535 4358 595 4436 per
608 4339 752 4438 stipfren.
777 4339 871 4412 Heb.
892 4364 924 4413 1:
948 4360 981 4431 3.
1009 4342 1047 4412 δι
1064 4261 1247 4440 posquam
1264 4344 1355 4413 tonica
1372 4334 1526 4413 vennone
1552 4343 1787 4439 inperpetuum

440 4434 673 4530 consustenaffet
689 4461 743 4514 ees
758 4431 1060 4537 qnsnrnificnne.
1077 4433 1228 4614 lffff
1246 4457 1311 4523 12,
1338 4458 1397 4530 14.
1420 4438 1477 4535 qui
1490 4439 1591 4517 etiarn
1610 4432 1789 4532 inreptiiae

439 4608 445 4618 ,
556 4617 558 4622 ,
597 4568 607 4578 ·
1238 4555 1265 4613 a
1728 4546 1790 4627 pte
