4667 5442
629 489 706 584 De
742 487 939 585 Evsne.
976 490 1045 585 In*
1068 488 1300 587 Anemo.
1335 491 1560 586 Panntc.
1693 430 1807 617 333·

446 648 557 726 bilem
580 673 708 727 natutae
720 679 834 729 rerum
845 651 1141 728 scientiamaDeo
1153 654 1371 733 consecutum
1385 650 1470 738 else,
1491 677 1531 727 ut
1544 650 1703 727 aetatibus
1714 679 1794 728 om·

447 748 551 822 nibus
571 745 702 847 semper
723 751 891 824 miraculo
912 749 1032 830 fuerit,
1061 748 1169 849 sitque
1184 755 1330 828 futurus.
1382 752 1559 825 Credibile
1580 753 1684 852 igitur
1713 744 1790 832 esse,

450 869 521 917 non
542 840 707 943 ignorasse
739 872 819 920 eum
842 849 914 919 vim
937 850 1105 945 magnetis
1126 846 1297 937 ἡγεμονικὴν
1316 896 1326 926 ,
1346 845 1626 944 gubernatricem:
1652 842 1793 944 praeser·

447 943 515 1013 tim
528 966 638 1037 quum
662 968 701 1015 ea
712 940 888 1041 proposito
907 941 1008 1040 ipsius
1026 944 1070 1015 de
1093 969 1176 1017 auro
1196 945 1459 1018 &aromatibus
1481 970 1498 1015 e
1519 944 1719 1041 longinquis
1738 968 1793 1016 re·

447 1038 613 1135 gionibus
634 1041 669 1111 in
697 1037 919 1113 lsraelitidem
949 1040 1159 1113 devehendis
1181 1063 1251 1121 tam
1275 1037 1354 1114 esset
1375 1041 1625 1121 conducibilis,
1639 1065 1690 1115 ,ac
1708 1065 1792 1136 pto-

445 1134 638 1231 pemodum
659 1132 848 1210 necessaria.
899 1139 932 1207 Si
953 1160 1067 1207 autem
1086 1133 1155 1233 ipse
1181 1140 1410 1233 cognoverit,
1446 1136 1591 1208 dubium
1618 1161 1688 1208 non
1711 1130 1788 1217 else,

446 1232 535 1326 quin
553 1256 626 1302 rem
646 1253 756 1304 totam
777 1258 854 1304 cum
875 1234 992 1330 Tyriis
1009 1233 1242 1328 benignissime
1262 1235 1542 1313 communicarit,
1570 1254 1691 1329 utpote
1706 1255 1791 1302 nau·

446 1328 493 1398 tis
511 1323 579 1398 suis
590 1352 627 1400 ac
636 1328 921 1424 gubernatoribus
934 1327 1232 1424 praestantissimis,
1259 1332 1453 1427 lnditaeque
1464 1330 1691 1426 navigationis
1701 1352 1790 1422 prae·

446 1424 559 1520 eipuis
578 1423 795 1497 administris.
847 1424 952 1499 Unde
974 1424 1096 1497 fastum
1119 1421 1187 1507 sit,
1214 1447 1253 1496 ut
1271 1450 1409 1524 magnes
1427 1425 1512 1498 olim
1536 1428 1551 1493 it
1573 1423 1679 1493 denae
1702 1421 1791 1493 aab&

388 1592 395 1603 ,
446 1541 647 1600 vocaretur,
674 1544 744 1592 non
774 1521 816 1591 ab
837 1520 998 1593 Heraclea
1017 1522 1181 1603 civitate,
1219 1524 1481 1618 quodquidam
1500 1451 1656 1602 voiunt,
1692 1515 1791 1590 seda

444 1614 667 1705 vetustissimo
691 1620 831 1689 nomine
848 1612 1001 1711 spanniis,
1025 1618 1121 1712 quod
1136 1617 1291 1692 Hercules
1312 1621 1432 1690 Latine
1446 1616 1648 1714 appellatur.
1681 1624 1789 1689 Porro

444 1712 616 1783 Hercules
639 1708 776 1795 intrarit,
804 1715 839 1784 id
854 1716 899 1787 est
910 1722 969 1787 via
982 1723 1045 1785 stix
1061 1716 1251 1809 antiquitus
1263 1714 1399 1786 habitus
1412 1717 1448 1787 &
1461 1716 1569 1785 ditius
1583 1713 1641 1786 est.
1694 1714 1789 1784 Hinc

441 1830 658 1904 auguratur,
687 1812 924 1883 admirandum
959 1812 1059 1882 illum
1082 1810 1235 1905 lapidem
1264 1813 1364 1882 initio
1403 1833 1634 1906 nuncupatum
1665 1815 1790 1883 Hercu·

443 1904 531 1976 leiim
549 1931 568 1976 a
586 1908 703 2001 Tyriis
722 1904 823 2002 ipsis,
852 1909 1042 1979 veterrimis
1058 1906 1220 1978 Herculis
1242 1907 1454 1987 cultoribus,
1483 1908 1712 2002 maximisque
1732 1930 1790 1977 ot·

444 1998 500 2071 bis
520 2023 684 2073 terrarum
702 2002 937 2076 lustratoribus
962 2050 972 2083 ‚
1002 2002 1100 2101 quod
1120 2006 1192 2092 ejus
1222 2026 1385 2101 tanquam
1408 2002 1599 2083 Herculis,
1626 2024 1685 2075 aut
1707 1997 1788 2075 solis

444 2092 619 2186 cujusdam
642 2095 826 2197 siderisque
855 2100 1050 2179 terrestris,
1079 2098 1182 2170 ductu
1205 2102 1240 2171 in
1266 2100 1469 2197 longissimis
1496 2098 1673 2171 itineribus
1697 2093 1786 2179 suis,

387 2251 389 2257 ,
443 2214 531 2266 terra
554 2198 709 2292 marique
731 2194 977 2276 conficiendis,
1007 2197 1243 2292 dirigerentur.
1295 2192 1787 2292 AdditVirpraestantissimus,

442 2315 515 2361 tion
535 2287 642 2388 usque
663 2293 750 2364 adeo
777 2296 901 2365 mirum
928 2292 1023 2374 csse,
1058 2292 1156 2389 quod
1185 2317 1285 2366 tantae
1316 2296 1365 2367 rei
1395 2293 1560 2365 memoria
1593 2288 1789 2363 seculorum

439 2382 540 2482 lapsu
557 2389 777 2463 interciderit.
831 2394 959 2486 Tyrios
982 2392 1174 2460 enimcum
1197 2392 1365 2488 magnetis
1396 2388 1494 2462 usum
1526 2388 1710 2458 cautissime
1732 2410 1791 2460 ce·

439 2479 546 2561 lasse,
575 2486 612 2555 &
633 2482 830 2558 continuisse
852 2493 879 2552 tr
899 2485 1090 2577 despisant,
1118 2512 1160 2556 ne
1175 2483 1277 2560 semel
1293 2488 1495 2583 pervulgato
1513 2507 1583 2557 tam
1596 2481 1716 2581 infigni
1728 2506 1789 2553 na·

438 2581 628 2676 vigationis
654 2583 853 2671 adjumento
877 2583 938 2678 ipsi
967 2586 1125 2656 dominio
1162 2586 1264 2655 matis
1301 2583 1504 2656 exciderent.
1556 2588 1790 2677 Praeterquam

440 2676 542 2771 quod
563 2673 636 2747 sola
653 2679 798 2750 vetustas
818 2703 871 2750 tot
888 2679 1079 2760 seculorum
1102 2676 1209 2776 spatio
1226 2705 1330 2751 artem
1349 2680 1444 2753 istam
1460 2703 1503 2749 eit
1516 2676 1698 2749 hominum
1713 2698 1789 2747 me·

440 2775 553 2844 moria
573 2770 708 2869 prorsus
733 2776 846 2846 delete
874 2780 1057 2873 potuerit:
1100 2778 1149 2847 uti
1178 2778 1299 2848 tiiistus
1322 2801 1491 2875 germanae
1513 2797 1674 2869 purpurae
1698 2793 1789 2844 nunc

440 2870 641 2965 ignoratur,
669 2898 742 2969 quo
767 2869 1028 2945 solosomnium
1053 2875 1209 2972 gentium
1235 2876 1362 2970 Tyrios
1384 2872 1520 2971 egregie
1544 2873 1580 2943 δι
1600 2871 1728 2943 ditatos
1747 2892 1789 2939 o·
1904 2893 1907 2900 ·

438 2964 507 3043 lim
528 2967 770 3041 &celebratos
789 2966 881 3041 fuisse
899 2972 1060 3068 legimus.
1115 2975 1201 3042 Haec
1222 2972 1390 3043 Fullerus.

537 3068 659 3152 XXV.
688 3068 874 3162 Utcunque
895 3065 928 3138 se
946 3094 999 3139 res
1019 3067 1164 3147 habeat,
1195 3067 1322 3140 constat
1344 3068 1519 3141 vastissima
1548 3066 1695 3138 marium
1713 3054 1887 3159 spa-XXV·
1903 3051 1946 3143 ,Β

439 3163 491 3235 tia
509 3159 653 3231 navibus
672 3158 740 3235 suis
760 3161 936 3235 Phoenices
954 3158 1159 3259 percurrisse.
1212 3164 1286 3235 Ubi
1312 3186 1427 3234 autem
1447 3164 1490 3233 de
1504 3189 1539 3234 ie
1554 3157 1622 3257 ipsa
1644 3160 1783 3238 constat,
1796 3150 1935 3263 iim

438 3257 531 3353 quid
550 3257 594 3325 de
612 3260 660 3328 rei
679 3260 788 3329 modo
808 3262 908 3329 anxie
939 3256 1165 3329 haesitamus?
1201 3260 1235 3327 Si
1257 3255 1331 3327 casii
1353 3261 1390 3327 δι
1415 3256 1670 3353 tempestatibus
1692 3256 1786 3344 ejesti
1795 3228 1869 3344 rint,
1890 3300 1933 3338 ta·

437 3352 547 3439 hujus
571 3350 691 3423 nosltae
716 3376 812 3425 tetrae
835 3352 992 3424 homines
1012 3354 1163 3446 primum
1185 3376 1227 3420 eo
1245 3350 1374 3448 appulsi
1394 3348 1500 3434 sunt,
1529 3375 1668 3422 omnem
1691 3350 1852 3421 dese-men
1868 3359 1949 3449 naet-

440 3454 536 3520 &um
557 3443 627 3541 ipsa
649 3450 819 3521 necessitas
840 3452 877 3521 δι
896 3451 948 3519 vis
966 3444 1149 3543 supplevit.
1203 3449 1238 3518 Si
1259 3445 1396 3520 consilio
1413 3474 1454 3519 eo
1469 3450 1689 3544 navigarunt,
1718 3434 1892 3526 suf-8⁴b{²¹⁸
1910 3435 1947 3494 (ε’

436 3540 634 3618 beientibus
656 3545 700 3616 ad
718 3567 846 3617 tantam
869 3547 1121 3641 navigationem
1154 3544 1280 3615 mediis
1307 3544 1484 3617 inllrutsos
1505 3540 1599 3618 fuisse
1617 3526 1950 3659 oportuit.}⁸:;¹,'’⁸5{:,

438 3645 509 3714 Eos
525 3635 602 3712 sane
621 3642 774 3738 primum
798 3643 869 3716 falli
892 3638 1107 3714 manifestum
1128 3638 1200 3721 est,
1229 3644 1291 3737 qui
1321 3665 1452 3714 veteres
1475 3641 1574 3714 litora
1595 3661 1730 3713 tantum
1751 3643 1856 3727 &mm

437 3737 647 3810 maritimam
667 3763 761 3810 oram
784 3732 899 3836 legisse
919 3735 1054 3836 fingunt
1076 3782 1087 3818 ,
1116 3762 1293 3835 nunquam
1320 3733 1352 3809 se
1374 3741 1504 3836 patenti
1523 3743 1665 3809 Oceano
1687 3762 1785 3813 cont-
1883 3734 1887 3740 ‘

439 3835 577 3906 mittere
597 3830 726 3907 ausos:
761 3832 879 3910 amisso
905 3859 1002 3908 terrae
1025 3829 1203 3929 conspetsu
1228 3857 1369 3932 vagatos
1396 3835 1623 3931 perlucere.
1676 3837 1788 3922 Quod

440 3953 677 4003 commentum
698 3931 752 4003 vel
770 3930 850 4004 solae
863 3933 906 4003 ad
918 3938 1131 4007 Fortunatas,
1158 3928 1376 4021 Ceffittridns,
1402 3935 1438 4004 &
1457 3932 1540 4005 alias
1556 3932 1720 4005 Atlantici
1741 3940 1787 4008 0-

436 4032 529 4101 ceani
546 4026 653 4123 longe'
669 4027 795 4100 dissitas
807 4026 958 4111 insulas,
987 4026 1285 4122 Carthaginienfium
1302 4031 1535 4126 navigationes
1555 4026 1735 4101 ordinariae
1748 4034 1786 4106 δι

435 4143 535 4197 certo
553 4119 693 4196 consilio
714 4118 875 4224 susceptae
905 4125 1094 4200 confutant.
1147 4126 1251 4200 Unde
1276 4125 1438 4199 credibile
1462 4124 1508 4199 est
1522 4171 1534 4207 ‚
1562 4125 1627 4197 alia
1653 4148 1786 4201 veteres
1817 4202 1822 4214 ,

434 4214 590 4294 habuisse
611 4214 778 4304 subsidia,
805 4218 992 4321 praesertim
1013 4223 1144 4317 Drios,
1168 4222 1270 4295 nobis
1289 4223 1395 4294 hodie
1417 4219 1582 4302 fortassis,
1610 4244 1649 4293 ut
1661 4224 1783 4306 multa,

434 4318 643 4412 incognita,
672 4318 801 4413 quibus
832 4321 1002 4417 magnetis
1035 4318 1204 4390 defessum
1230 4341 1406 4419 utcunque
1437 4315 1631 4417 pensabant.
1681 4323 1786 4391 Certe

432 4433 620 4514 propterea
638 4418 780 4492 Oceano
799 4442 872 4500 uoti
894 4415 1093 4496 abstinuere.
1137 4420 1231 4585 {Qua
1259 4418 1421 4520 ergenii
1436 4417 1521 4511 ahi,
1549 4414 1668 4494 eadem
1689 4415 1786 4593 Apol}

672 4542 674 4546 .
1187 4534 1202 4591 t
1228 4533 1248 4609 3
1734 4534 1756 4583 0
