4667 5442
574 469 678 594 614
890 390 1653 557 Inau1ct'Caa.V.

402 673 417 735 1
441 667 515 727 pm,
530 641 606 723 re-l·
692 634 764 702 Irca
776 625 1026 724 Applicuionem
1044 644 1149 722 partae
1168 646 1228 717 per
1248 617 1421 695 Christum
1437 616 1644 716 saleisbaec
1669 615 1921 698 conmmend-

397 716 511 824 piabunt
529 744 565 805 a·
708 748 775 798 tur.
832 745 862 797 1.
881 728 935 795 An
954 725 1007 815 jus
1028 743 1161 795 aeternae
1172 718 1371 791 hereditatis
1392 718 1507 792 electis
1526 742 1791 792 amasenus
1810 743 1834 792 a
1854 744 1920 794 tu·

401 822 515 880 etenum
528 840 639 903 ΜΛ
669 845 923 898 uarrvrrara
945 848 953 893 ε
980 821 1017 892 &
1034 815 1165 915 epocha
1179 815 1418 912 applicationis
1437 810 1635 913 figendafit
1654 816 1698 887 in
1723 834 1918 890 uaruttcl

404 916 431 956 '³
447 915 553 989 {W
581 944 894 1001 ocuauartoua,
947 941 991 988 ua
1008 913 1094 987 fiunt
1114 912 1276 993 honines,
1300 937 1371 985 non
1386 914 1423 987 in
1446 937 1795 993 surenunsuuau
1822 938 1920 987 uuor·

322 1078 324 1081 ·
402 990 572 1106 {fimf
585 1042 819 1096 uanrrroun
837 1039 898 1113 qua
911 943 995 1103 sunt
1013 1018 1277 1085 Cnursrraun
1330 1031 1365 1082 2.
1388 1015 1441 1082 An
1462 1007 1550 1082 nihil
1569 1007 1708 1088 habeat
1724 1015 1829 1083 Deus
1842 1008 1919 1108 quod

402 1121 517 1200 inest.
583 1118 696 1192 electis
719 1114 762 1185 ad
785 1134 915 1186 reatum
937 1112 1111 1207 imputet,
1140 1109 1244 1179 etiam
1264 1126 1339 1177 tum
1357 1106 1497 1201 quando
1523 1126 1567 1178 tu
1596 1123 1717 1179 orant
1753 1132 1919 1181 ruricon-

486 1226 489 1234 '
584 1237 705 1289 raris
734 1236 782 1282 aa
807 1226 1005 1281 cascrvlra
1025 1228 1195 1277 excussu
1218 1227 1408 1275 naeuus:
1435 1227 1506 1276 non
1537 1204 1688 1299 magis,
1720 1201 1918 1300 quampul-

582 1336 690 1409 quam
705 1332 783 1379 vere
810 1324 1137 1383 saucrrrtcarr,
1164 1302 1239 1374 into
1257 1300 1362 1373 etiam
1391 1293 1622 1372 consummati
1642 1322 1686 1373 ac
1712 1324 1854 1375 coeto
1871 1324 1919 1374 u·

584 1431 699 1480 cnm
718 1398 806 1476 sunt.
863 1406 962 1491 3.An
983 1399 1079 1473 electi
1099 1402 1261 1471 Cnn1ro
1282 1421 1497 1469 uuraurutt
1519 1421 1631 1469 nura
1655 1417 1813 1473 aunan.
1838 1402 1917 1493 plu

581 1529 653 1577 non
678 1522 852 1573 rnucrus
879 1493 992 1570 solum
1023 1521 1220 1591 Jusrrcrm
1249 1491 1406 1576 Christi,
1444 1489 1675 1567 sed&1rsa
1706 1540 1720 1577 ,
1756 1497 1918 1592 imputent

584 1598 699 1672 electis
710 1642 722 1678 ,
749 1591 792 1668 stc
804 1617 844 1667 ut
867 1619 928 1691 per
944 1594 1211 1691 imputationem
1230 1590 1325 1665 istam
1350 1615 1434 1665 nou
1464 1615 1591 1664 narnus
1624 1615 1754 1685 Just-1
1777 1616 1917 1668 sason-

588 1721 663 1785 Qun
684 1691 855 1774 evadant,
884 1714 989 1787 quam
1003 1689 1047 1762 est
1067 1686 1137 1786 ipse
1161 1686 1328 1763 Christus.
1507 1758 1509 1762 ,
1861 1735 1867 1746 ·

408 1820 453 1883 ῃ,
474 1812 535 1888 gg
685 1797 727 1862 11.
755 1793 798 1860 Et
818 1786 878 1859 has
896 1809 963 1897 ego
983 1781 1246 1865 controverslaS,
1267 1786 1490 1882 quantumvis
1502 1786 1669 1883 ingentes
1681 1789 1808 1884 primo
1823 1784 1918 1859 inotiu

410 1894 483 1971 qud
499 1910 531 1948 tt
587 1887 765 1959 videantur
782 1931 793 1968 ,
822 1879 964 1983 simplici
987 1885 1024 1954 bc
1044 1904 1158 1978 aperta
1177 1882 1330 1955 veritatis
1353 1880 1580 1954 declaratione
1601 1883 1732 1957 dirimi
1747 1879 1840 1983 polle
1860 1903 1917 1952 con·

411 1968 671 2062 ‘3⁸s5'.8'⁴'fido.
706 1986 757 2054 Ac
769 1984 917 2079 primam
938 1980 1082 2077 quidem
1102 1977 1201 2073 quod
1218 1982 1359 2059 attinet,
1386 1977 1473 2075 quid
1486 1973 1567 2049 srita
1584 2004 1665 2052 rem
1682 1967 1919 2079 concipiauutl

411 2041 555 2177 {alm
589 2078 775 2177 Postquam
794 2074 949 2151 Christus
968 2076 1104 2148 Divinae
1115 2071 1251 2167 justitiae
1268 2070 1447 2156 satisfecit,
1474 2075 1510 2147 in
1529 2072 1749 2150 universum
1769 2070 1920 2150 macodo

337 2177 342 2184 ’
411 2214 460 2256 m
475 2195 561 2251 meria
591 2175 730 2249 claravit
747 2180 843 2247 Deus
862 2198 931 2246 non
950 2172 1021 2245 sore
1038 2195 1195 2270 unquam
1214 2193 1253 2243 ut
1263 2170 1305 2244 ab
1327 2170 1403 2245 ullo
1422 2170 1610 2244 eleborum
1626 2170 1918 2248 satisfactionem

406 2270 521 2347 saturis,
535 2268 584 2341 [Μ
592 2275 728 2371 propria
748 2266 889 2369 persona
908 2270 1045 2368 exigat:
1070 2292 1175 2367 atque
1196 2269 1243 2340 ita
1255 2267 1418 2342 omnibus
1432 2264 1532 2340 simul
1544 2267 1668 2343 electis
1682 2264 1919 2372 partumclljtf

412 2360 526 2424 “W'‘
538 2348 575 2401 ‘d
591 2370 829 2442 immunitatis.
881 2372 1054 2440 Caetenrm
1072 2366 1161 2438 illud
1171 2362 1358 2439 universale
1372 2365 1529 2437 omnium
1540 2364 1749 2440 elestorum
1759 2363 1920 2458 jusnemiu

412 2442 570 2561 :55:¹52
590 2468 625 2537 in
643 2461 754 2563 specie
778 2462 945 2562 prodest,
973 2464 1083 2535 donec
1110 2464 1141 2534 ei
1163 2462 1365 2558 applicetur.
1415 2470 1478 2537 Per
1495 2459 1712 2538 electionem
1733 2490 1806 2563 qua
1822 2461 1919 2536 talem

414 2576 512 2637 litura
590 2561 685 2653 nulla
701 2558 740 2634 fit
754 2559 948 2657 applicatio.
998 2558 1127 2631 Electio
1144 2559 1236 2630 enim
1256 2557 1302 2632 est
1321 2559 1408 2631 altio
1421 2559 1489 2630 Dei
1503 2557 1734 2644 immanens,
1762 2563 1855 2652 cujus
1862 2577 1924 2654 pro·

589 2659 685 2756 prius
702 2651 837 2730 effectus
857 2655 903 2730 est
921 2656 1090 2730 certitudo
1113 2677 1268 2729 eventus.
1323 2660 1407 2729 Haec
1428 2653 1472 2727 eli
1493 2655 1579 2726 ratio
1603 2661 1780 2732 omnium
1798 2658 1924 2731 deuexo

590 2771 667 2829 rum
687 2753 756 2823 Dei
768 2776 808 2824 ut
821 2778 882 2849 per
902 2748 1082 2824 sentillam
1099 2751 1245 2824 inserant
1260 2755 1489 2826 mutationem
1505 2753 1540 2824 in
1552 2745 1741 2843 subjecto:
1768 2746 1925 2829 sedom'c

590 2847 732 2924 actualis
750 2850 799 2921 rei
817 2845 993 2921 existentia
1010 2873 1071 2944 per
1080 2850 1353 2946 omnipotentem
1373 2850 1497 2924 decreti
1510 2842 1785 2928 exsecutionem
1798 2851 1850 2925 cll.
1871 2849 1927 2918 Εἰ·

592 2942 721 3019 secutio
741 2944 897 3025 decreti,
932 2941 978 3016 est
1001 2943 1183 3040 produstio
1201 2946 1249 3017 rei
1280 2945 1423 3020 decretae
1441 2946 1536 3019 illius
1555 2947 1765 3023 voluntatis
1780 2974 1844 3049 qua
1855 2938 1929 3038 'pist

592 3045 692 3115 Deus
714 3065 820 3114 utres
843 3064 886 3111 eo
906 3042 1073 3138 temporis
1099 3063 1280 3113 momento
1307 3042 1489 3128 existeret;
1513 3040 1705 3138 vqluntate
1727 3070 1844 3122 aeterna
1859 3057 1929 3116 tunt

591 3137 736 3228 demum
757 3158 903 3210 exeunte
926 3139 963 3209 in
988 3141 1100 3211 astum
1119 3137 1222 3211 illum
1239 3162 1312 3239 quo
1331 3165 1384 3213 res
1405 3135 1540 3213 exsistit.
1590 3145 1696 3240 Ergo
1721 3170 1769 3218 ex
1785 3140 1931 3215 clodione

591 3232 637 3307 ad
657 3236 801 3333 gratiam
825 3232 1030 3333 &gloriam
1052 3234 1089 3306 id
1116 3234 1282 3309 duntaxat
1303 3231 1478 3347 sequitur,
1506 3258 1545 3309 ut
1565 3234 1683 3311 homo
1707 3288 1720 3323 ,
1749 3244 1796 3315 ita
1805 3235 1930 3311 clebus,

589 3331 715 3406 statuto
735 3352 891 3427 tempore
905 3329 949 3402 ad
967 3333 1085 3430 gratiae
1099 3334 1134 3405 δι
1145 3332 1266 3432 gloriae
1277 3334 1574 3430 participationem
1588 3335 1820 3413 admittatur.
1844 3339 1936 3407 Ante·

591 3452 698 3524 quam
714 3428 775 3500 illa
793 3428 960 3525 temporis
979 3426 1023 3499 ad
1041 3426 1294 3502 exsecutionem
1308 3427 1462 3503 destinati
1477 3429 1665 3528 plenitudo
1679 3437 1808 3518 venit,
1833 3426 1935 3505 eleffio

593 3525 666 3594 Dei·
678 3524 809 3599 nullam
826 3524 955 3598 realem
973 3528 1200 3597 mutationem
1216 3528 1250 3597 in
1267 3523 1408 3598 homine
1425 3527 1534 3599 electo
1551 3530 1732 3625 importat
1755 3560 1767 3605 ε
1794 3534 1857 3632 qui
1872 3544 1936 3601 ants

593 3615 645 3691 sui
663 3622 978 3718 regenerationem,
1006 3645 1107 3719 aeque
1127 3646 1165 3696 ac
1181 3620 1306 3719 reliqui
1329 3646 1509 3722 quotquot
1526 3622 1604 3696 sunt
1624 3629 1827 3714 mortales,
1851 3623 1934 3703 estio

467 3805 472 3810 ·
593 3710 748 3810 praesenti
767 3708 881 3790 seculo
896 3716 1012 3801 malo,
1038 3720 1074 3790 in
1091 3740 1200 3816 tegno
1213 3721 1250 3790 δι
1267 3717 1434 3814 potestate
1452 3719 1673 3796 tenebrarum
1695 3772 1712 3807 ,
1742 3718 1935 3801 mortuuslfl

620 3812 741 3883 eccatis
758 3814 796 3886 δι
820 3807 952 3886 offensis
973 3859 984 3896 ,
1012 3814 1178 3887 alienatus
1196 3840 1216 3887 a
1239 3818 1309 3887 vita
1331 3818 1424 3898 Dei,
1451 3812 1541 3889 filius
1563 3820 1624 3890 irae
1645 3816 1739 3896 sicut
1760 3826 1801 3898 δι
1815 3815 1933 3918 reliqui

591 3832 699 3978 bostis
716 3909 809 3990 Dei,
837 3907 963 4020 laqueo
983 3909 1126 3982 Diaboli
1147 3914 1300 4009 captivus
1314 3912 1358 3984 ad
1381 3909 1482 4009 ipsius
1499 3912 1673 3999 libitum,
1704 3944 1812 3994 metu
1832 3918 1935 3994 mouit

405 1583 426 1615 Ι

593 4000 736 4075 damnas
753 4000 948 4086 servitutis,
976 4000 1143 4096 subjectus
1163 4003 1383 4082 exsecrationi
1404 4009 1510 4106 legis,
1539 4033 1732 4088 extraneus
1755 4018 1859 4116 quod
1873 4037 1938 4114 pto·

593 4095 768 4171 miffiones
779 4106 955 4197 pastorum
973 4104 1118 4187 attinet,
1145 4105 1275 4202 absque
1294 4110 1397 4188 Deo,
1425 4108 1554 4205 absque
1576 4104 1637 4205 spe
1651 4113 1692 4185 in
1709 4116 1879 4199 mundo,
1898 4108 1937 4183 uti

594 4192 768 4289 Scriptura
777 4198 894 4293 paffirn
905 4197 1075 4295 loquitur.
1126 4204 1243 4297 Atque
1263 4198 1423 4276 haetenus
1436 4205 1524 4276 inter
1542 4204 1694 4281 electum
1705 4212 1749 4284 δι
1767 4214 1934 4312 reprobus

593 4291 671 4360 astu
689 4287 776 4362 nihil
795 4292 952 4367 interest:
980 4291 1041 4367 nist
1060 4297 1180 4392 quod,
1205 4318 1244 4370 ut
1263 4296 1415 4382 diuum,
1436 4304 1563 4374 virtute
1590 4300 1782 4384 electionis
1803 4302 1933 4392 nen&

592 4376 828 4468 satissaslionis
847 4385 972 4470 chtisti
987 4417 1054 4495 pro
1069 4389 1168 4496 ipso,
1196 4418 1241 4474 cx
1259 4391 1459 4480 miseto'dlo
1475 4396 1564 4476 statu
1580 4396 1669 4480 uico
1681 4421 1932 4584 tempolriqguw

541 4530 545 4569 :
1874 4521 1931 4580 ru·
