4667 5442
1600 557 1611 572 ι
1628 535 1637 564 ’-
1873 537 1878 556 r

499 693 601 823 706
728 747 731 752 ·
816 693 1035 786 Onarro
1084 687 1261 784 Iuauo.
1296 687 1535 782 Laturus.

495 861 704 939 famulorum
717 850 878 940 suorum,
901 856 1059 933 inclinata
1070 858 1139 948 iarn
1152 879 1273 940 aetate,
1294 859 1329 931 in
1344 853 1621 954 Augustissrmum
1636 849 1703 930 boc
1714 846 1841 952 sapien}

495 961 555 1032 tiae
571 955 982 1052 Templumproducere,
1009 954 1107 1052 quod
1127 957 1236 1028 totius
1248 957 1339 1028 Euro
1365 977 1395 1028 ae
1408 952 1697 1035 celeberrimum,
1726 956 1765 1027 &
1778 949 1841 1024 do·

497 1053 718 1128 &illrmorum
734 1049 1318 1148 virorumcopiainstruetiffimume
1345 1075 1385 1134 e,
1412 1045 1839 1148 consentientefamaprae·

498 1152 644 1224 dicatur.
693 1150 784 1222 Heic
800 1147 871 1223 loci
887 1147 932 1220 ad
953 1171 1028 1221 eam
1047 1171 1103 1220 me
1123 1146 1295 1222 redactum
1317 1141 1380 1220 else
1396 1144 1623 1222 necesfitatem
1644 1143 1780 1228 video,
1805 1163 1841 1218 ut

499 1270 615 1345 neque
628 1267 738 1319 tacere
755 1244 879 1328 liceat,
906 1246 1038 1413 qpippe
1055 1242 1098 1317 ad
1116 1242 1303 1317 dicendum
1322 1263 1474 1325 vocato,
1501 1265 1616 1338 neque
1628 1235 1765 1352 sperare
1781 1240 1839 1316 de·

500 1365 577 1426 tur,
602 1367 641 1414 ea
655 1365 714 1415 me
735 1343 889 1416 oratione
936 1343 1098 1424 simum,
1126 1364 1205 1438 quae
1223 1339 1389 1414 &vestrae
1406 1336 1671 1436 exspectationi,
1700 1340 1740 1412 δι
1760 1359 1837 1412 meo

497 1436 665 1512 desiderio
683 1435 909 1536 respondeat:
935 1437 1064 1510 nedum
1087 1460 1125 1510 ut
1143 1435 1307 1510 teretibus
1320 1435 1389 1510 istis
1401 1431 1625 1532 delicatisque
1638 1435 1780 1508 auribus
1792 1431 1840 1508 sa-

498 1535 668 1618 tisfaciat,
695 1536 823 1631 quibus
845 1534 977 1632 placere
997 1531 1085 1606 nihil
1103 1528 1192 1606 solet
1209 1529 1269 1606 nist
1288 1534 1386 1631 quod
1403 1526 1532 1606 sufferri
1557 1531 1603 1604 ali
1633 1530 1698 1604 uid
1719 1533 1835 1614 tinnit,

498 1654 559 1706 aut
577 1633 715 1729 Arpinis
732 1631 834 1728 pollrt
852 1632 1039 1728 comparari
1055 1629 1191 1704 chartis.
1242 1629 1433 1704 Novissime
1453 1627 1598 1727 quidem
1653 1627 1838 1721 ltraJeetun

498 1753 557 1804 me
576 1727 727 1810 habuit,
754 1729 792 1800 &
810 1723 880 1824 ipsa
898 1726 1118 1801 amoenissima
1137 1725 1387 1838 cultissrmaque
1410 1719 1591 1798 Musarum
1608 1719 1737 1812 sedes;
1762 1749 1839 1800 utte-

527 1849 588 1905 ue,
606 1824 717 1895 Leida
740 1819 809 1916 (ne
828 1819 1042 1914 succenseas)
1069 1821 1180 1896 laudis
1201 1821 1370 1919 &glonae
1389 1819 1526 1896 aemula.
1578 1822 1633 1895 lbi
1656 1820 1748 1896 ultra
1757 1821 1838 1896 duo·

498 1851 671 2032 deviginti
690 1943 799 1992 annos
817 1965 829 2002 ,
856 1920 983 2019 grande
1006 1917 1161 1993 mortalis
1180 1921 1244 1991 aevi
1261 1916 1408 2017 spatium
1430 1965 1442 2002 ,
1468 1920 1505 1989 in
1522 1920 1642 2016 aliqua
1661 1916 1839 1992 hominum

500 2017 578 2092 luce
591 2042 686 2089 vrxrt
710 2039 814 2114 atque
827 2019 977 2100 rtavrxi,
1004 2012 1188 2114 praefiscine
1205 2015 1375 2099 dixerim,
1404 2035 1568 2113 utneque
1582 2039 1639 2087 me
1653 2015 1838 2106 Ultrajedi,

499 2137 614 2210 neque
632 2111 858 2204 ultrajectum
879 2116 949 2187 mei
971 2115 1101 2209 pudere
1116 2139 1153 2186 ac
1166 2113 1331 2209 poenitere
1350 2111 1484 2186 debeat.
1536 2115 1591 2183 Eo
1608 2136 1704 2187 certe
1723 2120 1836 2188 Proce-

499 2235 578 2286 rum
599 2209 736 2294 favore,
764 2235 803 2281 ea
825 2209 938 2308 plebis
956 2206 1189 2283 Ecclesiasticae
1207 2211 1336 2304 gratia,
1359 2234 1401 2281 eo
1423 2207 1526 2307 pubis
1543 2211 1626 2280 Deo
1647 2204 1837 2284 consectata

498 2305 612 2384 studio
633 2328 739 2403 atque
757 2303 943 2390 concursu,
969 2331 1012 2379 eo
1025 2306 1183 2378 laborum
1202 2309 1310 2378 fructu
1328 2332 1365 2381 ac
1383 2307 1528 2402 praemio
1544 2301 1686 2405 gavisus
1706 2301 1790 2390 sum,
1803 2323 1836 2376 ut

500 2405 549 2476 ob
570 2428 625 2477 eas
641 2429 694 2477 res
707 2401 829 2477 oculos
848 2398 907 2476 fibi
925 2403 1111 2502 aliquoties
1129 2396 1272 2473 doluisse
1284 2402 1356 2500 ipsa
1377 2397 1493 2476 fassura
1512 2399 1551 2476 fit
1571 2401 1720 2479 invidia.
1758 2407 1836 2492 Qun

501 2523 547 2578 ex
567 2502 695 2600 quibus
712 2499 864 2597 profecta
875 2495 938 2574 stnt
956 2499 1098 2582 cauffis,
1124 2497 1212 2571 alios
1224 2499 1376 2572 arbitrari
1388 2498 1494 2572 malo.
1544 2501 1727 2598 Equidem
1737 2523 1775 2572 ut
1784 2522 1836 2572 eo·

495 2621 575 2673 tum
592 2598 796 2695 quibuscum
816 2617 897 2672 tunc
912 2593 1066 2671 versabar
1082 2592 1333 2668 benevolentiae
1347 2623 1384 2672 ac
1395 2595 1549 2670 facilitati
1571 2597 1695 2693 potius
1705 2642 1717 2679 ,
1740 2619 1834 2694 quam

497 2695 606 2777 meis,
637 2689 661 2765 st
677 2719 762 2790 quas
780 2692 913 2778 habeo,
937 2693 1119 2768 virtutibus
1131 2719 1170 2765 ac
1183 2694 1313 2766 meritis
1324 2695 1516 2792 imputem,
1542 2688 1667 2764 suadet
1681 2694 1834 2788 jubetque

498 2815 539 2861 ea
569 2814 674 2899 quam
691 2813 768 2862 toto
788 2795 869 2862 vitae
889 2817 976 2864 meae
993 2787 1146 2864 instituto
1167 2784 1332 2887 professus
1351 2787 1546 2862 aestuatus
1567 2787 1645 2862 sum
1666 2790 1832 2864 modestia.

495 2887 675 2959 Nimirum
694 2888 761 2966 ita,
787 2882 846 2958 nisr
858 2886 982 2968 fallor,
1003 2906 1164 2959 reserat:
1193 2908 1259 2983 ego
1271 2881 1475 2959 assueveram
1489 2887 1707 2975 Ultrajesto,
1725 2887 1832 2964 Ultra·

493 2980 621 3071 jectum
633 2979 743 3066 mihi3
769 3001 851 3075 quae
869 2982 1032 3055 diuturno
1052 2983 1243 3055 multorum
1255 3006 1423 3056 annorum
1440 2977 1502 3054 usu
1513 2982 1635 3055 edocta
1655 2982 1741 3082 quid
1751 2981 1832 3058 vale·

493 3098 593 3157 rent,
621 3078 710 3174 quid
726 3077 810 3150 ferre
830 3072 1018 3150 recusarent
1034 3076 1169 3151 humeri
1191 3081 1281 3161 mei,
1309 3105 1420 3177 neque
1435 3104 1473 3151 ea
1489 3105 1571 3176 quae
1582 3081 1676 3154 vires
1686 3075 1831 3154 meassu·

494 3197 611 3271 perare
629 3197 726 3246 norat
746 3173 903 3284 improbe
915 3174 1144 3274 efflagitabat,
1172 3176 1409 3251 &defectibus
1428 3179 1514 3250 meis
1530 3176 1832 3252 clementerindul·

491 3293 579 3368 gens
603 3271 771 3354 veniam,
798 3296 835 3344 m
864 3295 903 3344 ea
930 3297 1038 3370 quam
1054 3273 1215 3345 tenebam
1238 3274 1385 3348 docendi
1404 3276 1557 3357 ratione,
1585 3272 1705 3349 sincera
1726 3295 1830 3354 certe,

443 3429 446 3434 .
491 3391 606 3465 neque
619 3366 845 3465 indiligenti,
873 3366 1009 3465 placide
1027 3369 1275 3467 acquiescebat.
1325 3377 1429 3446 Nunc
1451 3395 1533 3443 vero
1548 3371 1617 3445 alia
1638 3369 1721 3445 mibi
1739 3394 1831 3468 pror·

493 3457 548 3536 sus
562 3488 677 3539 rerum
699 3464 801 3539 facies
820 3460 938 3563 surgit.
989 3466 1203 3538 Labentibus
1215 3467 1284 3539 cito
1297 3466 1387 3564 pede
1407 3469 1503 3540 annis
1521 3463 1684 3541 senestuti
1720 3467 1829 3566 ropiot

492 3558 598 3634 factus
613 3554 689 3634 sum
709 3592 718 3637 :
745 3587 825 3660 quae
843 3562 923 3636 licet
941 3566 1098 3660 vigorem
1119 3589 1259 3636 omnem
1275 3567 1496 3660 viroremque
1511 3565 1673 3638 nondum
1690 3495 1831 3662 fftdepa·

491 3655 566 3740 sta,
592 3682 706 3755 neque
727 3660 882 3733 animum
905 3658 993 3733 bene
1015 3659 1058 3731 de
1076 3659 1220 3758 publico
1246 3660 1399 3733 merendi
1425 3661 1564 3757 fregerit
1586 3686 1598 3746 3
1625 3683 1773 3736 attamen
1792 3659 1832 3732 de

490 3753 622 3849 ingenii
634 3756 838 3839 vivacitate,
866 3756 909 3829 de
925 3759 1105 3830 memoriae
1123 3756 1328 3840 tenacitate,
1355 3757 1399 3829 de
1415 3756 1561 3830 laterum
1582 3753 1767 3841 firmitate,
1791 3756 1830 3828 de

491 3850 588 3920 vocis
606 3873 728 3924 canora
745 3848 930 3935 suavitate,
958 3852 1038 3949 plus
1058 3877 1165 3950 quam
1184 3852 1309 3926 vellem
1330 3854 1506 3927 delibavit.
1559 3860 1611 3926 lta
1622 3875 1828 3956 comparatus

487 3943 522 4015 in
536 3967 692 4029 novum,
721 3948 829 4046 idque
847 3949 1092 4047 amplilsrmum
1112 3949 1206 4023 orbis
1229 3948 1355 4024 literati
1373 3949 1507 4049 prodeo
1527 3947 1706 4025 theatrum
1727 3979 1739 4042 3
1763 3947 1829 4052 post

485 4059 541 4110 tot
558 4038 729 4125 Roscios,
755 4043 864 4143 iisque
884 4042 1169 4144 inspectantibus,
1197 4051 1342 4121 asturus.
1393 4052 1441 4120 At
1460 4048 1560 4147 quod
1577 4071 1645 4146 ego
1667 4047 1829 4124 theanum

485 4159 645 4246 memoro
661 4138 899 4240 Theologus3
924 4143 987 4239 qui
1002 4139 1079 4216 sarne
1092 4167 1270 4241 nunquam
1292 4169 1348 4216 me
1370 4143 1504 4218 theatro
1525 4147 1707 4222 venditare
1729 4143 1830 4230 volui,

484 4227 574 4308 ndu
592 4233 784 4312 admodtun
803 4239 921 4314 vitreae
933 4239 1076 4316 illorum
1087 4237 1244 4315 felicitati
1265 4241 1424 4316 invidens

748 4367 849 4470 Qec
870 4371 962 4447 vehit
983 4374 1027 4446 ad
1043 4368 1171 4464 [emon
1187 4367 1316 4462 ventofir
1335 4371 1442 4469 gloria
1464 4395 1573 4449 curru

483 4489 584 4581 Quid
602 4485 748 4570 Roscios
768 4493 903 4570 laudo?
927 4496 991 4598 qui
1010 4517 1086 4572 tota
1107 4498 1205 4585 vita,
1228 4521 1248 4572 a
1267 4501 1386 4575 mimis
1406 4501 1559 4576 maxime
1579 4499 1776 4590 abhorrui,
1797 4499 1830 4576 δι

482 4588 692 4690 inexempta
710 4588 798 4672 mibi
811 4589 975 4695 praesbiteri
986 4591 1175 4698 Apostolos
1187 4591 1601 4702 Apostolicosqueviros,
1629 4603 1669 4680 &
1679 4601 1829 4770 proxiqtg
