4667 5442
562 505 663 606 '122
820 489 1606 596 Excnnctrnrro
1675 481 1749 581 V.

566 683 642 740 rem,
670 663 735 737 εις,
784 647 899 724 Talion
919 653 1024 751 igitur
1027 647 1205 746 spiritualia
1218 640 1295 717 sunt
1306 642 1476 730 celestibus
1486 669 1627 721 annexa
1651 638 1697 714 erl
1712 640 1769 716 bri
1785 646 1849 722 τῖς
1867 646 1927 730 rit,

568 764 704 836 ritualia
717 750 994 834 acceremonialio.
1042 750 1158 822 Priora
1168 744 1251 820 alibi
1260 737 1403 835 ‘tropina
1416 766 1516 820 vocat
1529 744 1655 818 Paulus
1665 744 1705 816 in
1725 743 1862 818 eadem
1871 770 1927 844 op·

568 856 751 958 positione.
803 849 896 927 Heb.
928 872 998 922 rx:
1014 867 1073 936 23.
1125 851 1242 939 ltaque
1259 838 1367 932 neccsse
1381 839 1657 938 fuitexemplarr'a
1671 843 1813 939 quidem
1828 867 1927 918 ιιιιιι

569 981 636 1055 que
648 955 723 1046 sunt
746 955 780 1025 in
791 944 960 1035 calathisco
974 936 1239 1038 reburpurrficari
1251 993 1262 1021 ,
1288 930 1372 1004 eled
1387 936 1420 1006 n
1435 931 1479 1007 ed
1501 934 1647 1031 ἰπυρᾶιιιι
1659 986 1671 1022 ,
1704 963 1801 1012 rrsn
1830 963 1924 1016 veno

572 1075 794 1127 contestu
816 1039 994 1144 potioribus
1003 1064 1096 1139 quom
1105 1040 1150 1111 loo
1159 1037 1237 1126 stant
1251 1038 1399 1113 vietum.
1448 1048 1578 1116 lterum
1592 1038 1648 1113 hic
1663 1039 1856 1110 Calvinmn
1876 1061 1925 1112 an·

571 1152 718 1226 diamus.
766 1140 928 1220 Coeleslia
939 1156 1034 1211 vocae
1046 1161 1175 1231 regumn
1187 1132 1300 1217 curisti
1308 1135 1560 1234 quoopiriruale
1573 1133 1614 1218 ra
1628 1187 1641 1216 ,
1658 1131 1925 1230 solidmrqurl»

569 1247 784 1322 betonicam
798 1241 1035 1315 revelationem.
1083 1236 1269 1306 Enimvero
1289 1233 1404 1306 multo
1422 1233 1645 1308 commodius
1672 1229 1789 1304 rebus
1815 1231 1923 1306 indole

570 1345 716 1444 quidem
726 1332 1006 1414 suacoelesttbus,
1033 1351 1068 1403 at
1087 1354 1168 1427 quae
1184 1330 1221 1401 in
1233 1331 1332 1402 tertis
1351 1326 1500 1403 nonsme
1514 1328 1592 1401 labe
1605 1324 1705 1408 sunt,
1734 1324 1923 1424 purificatio

570 1442 786 1518 attribuitur,
816 1456 922 1530 quam
943 1424 1004 1525 ipst
1027 1423 1187 1524 supremo
1220 1426 1342 1509 coelo,
1367 1422 1575 1499 sttndilstmae
1597 1422 1792 1516 majestatis
1818 1421 1920 1510 solio,

570 1540 667 1612 nulla
682 1557 836 1631 unquam
847 1527 973 1626 peccari
984 1524 1060 1597 labe
1069 1525 1264 1622 inquinato.
1313 1523 1474 1621 Expendi
1487 1524 1591 1595 etiam
1605 1543 1790 1604 meretur,
1806 1549 1854 1596 an
1864 1547 1921 1596 nou

571 1639 610 1710 &
626 1632 714 1733 Eph,
731 1653 774 1703 v,
790 1657 798 1701 :
831 1647 886 1698 12.
905 1615 947 1687 nl
960 1614 1105 1714 ‘eropo‘m
1118 1619 1244 1692 melius
1268 1620 1482 1715 explicentur
1502 1619 1546 1692 de
1565 1618 1669 1692 rebus
1684 1611 1922 1715 spiritualibus

570 1732 615 1805 ad
633 1753 778 1829 regnum
793 1724 860 1796 Dei
872 1720 1141 1819 pertinentibus,
1169 1741 1276 1813 quam
1300 1718 1343 1787 de
1365 1716 1565 1814 regionibus
1589 1716 1709 1796 airis,
1740 1714 1783 1787 in
1805 1717 1922 1815 quibos

570 1824 698 1903 scilicet
711 1819 885 1897 versentur
901 1815 926 1890 s
940 1818 1039 1890 iritus
1054 1839 1217 1913 nequam.
1266 1818 1394 1910 Neque
1408 1813 1501 1886 enim
1515 1811 1575 1885 ista
1589 1810 1693 1901 hujus
1704 1813 1814 1886 vocis
1835 1809 1860 1887 st
1904 1814 1911 1827 ⁰

568 1921 683 1998 ficatio
701 1921 808 2001 alibi,
837 1843 939 2014 quod
946 1910 1072 1993 sciam,
1098 1910 1192 2008 apud
1199 1908 1345 1983 Paulum
1358 1907 1464 1982 exstat
1482 1937 1493 1982 t
1518 1906 1657 2008 &quid
1671 1906 1780 1998 jubet
1796 1935 1835 1984 cr

569 2017 789 2093 doemonibus
804 2012 1027 2086 habitationis
1036 2005 1106 2082 suae
1125 2011 1242 2083 locum
1260 2006 1298 2078 in
1315 2002 1457 2080 sublimi
1474 2008 1560 2079 airis
1573 2005 1719 2104 regione
1739 1999 1922 2102 specialiter

570 2114 782 2216 adfignatum
801 2106 889 2184 ellel
916 2114 1043 2182 Nonne
1065 2103 1286 2180 commodius
1305 2103 1352 2188 est
1374 2147 1386 2186 ,
1414 2124 1453 2174 ut
1474 2129 1536 2201 per
1557 2102 1617 2176 illa
1632 2093 1787 2194 turpiora
1800 2104 1922 2180 intelli·

597 2237 671 2287 atur
685 2212 789 2286 status
801 2205 913 2282 nollet
929 2201 1071 2279 coelestis
1088 2199 1196 2303 qu'em
1212 2198 1378 2273 habemus
1391 2202 1427 2272 in
1440 2206 1490 2275 N.
1507 2204 1553 2272 T.
1566 2199 1840 2277 benedictiones
1856 2201 1923 2302 qui·

571 2239 637 2385 bus
655 2307 835 2384 benedixit
847 2303 948 2376 nobis
959 2306 1055 2373 Deus
1067 2302 1103 2375 in
1116 2296 1407 2398 supetcoelellibus
1425 2323 1437 2387 3
1464 2295 1621 2387 justitia,
1649 2319 1724 2394 pax
1741 2343 1755 2379 ,
1786 2298 1923 2380 laetitia,

570 2407 595 2484 s
612 2434 670 2490 es,
700 2401 901 2482 communio
924 2422 1004 2472 cum
1021 2392 1197 2495 spiritibus
1208 2392 1377 2484 justorum
1401 2391 1679 2469 consummatis}
1708 2389 1827 2470 Hisce
1845 2397 1924 2470 enim

567 2433 609 2584 lb
621 2501 741 2581 miscet
758 2507 919 2577 Satanas,
946 2485 1288 2593 &pernrmplmsuas
1312 2535 1324 2573 ,
1361 2492 1567 2589 nequitias,
1595 2487 1770 2576 fraudes,
1800 2485 1925 2594 sophis·

540 2623 545 2636 ’
569 2625 662 2682 mata
681 2649 692 2685 ,
720 2594 896 2675 obscurare
909 2594 995 2665 ea&
1008 2612 1224 2685 corrumpere
1238 2588 1389 2675 nititur,
1413 2583 1674 2663 controversiam
1685 2590 1804 2664 etiam
1816 2585 1924 2666 stendit

577 2720 698 2776 movet
712 2693 811 2793 super
819 2690 987 2796 spirituali
1001 2685 1153 2786 ipsorum
1168 2685 1266 2760 statu.
1312 2689 1362 2758 At
1378 2712 1459 2786 quae
1470 2686 1642 2785 prolixius
1650 2708 1747 2760 nunc
1761 2683 1927 2788 disputan

573 2795 672 2876 sunt,
699 2794 855 2868 instituto
884 2785 1027 2858 demum
1045 2783 1159 2856 nostro
1180 2783 1393 2881 applicemus
1428 2811 1438 2858 t
1475 2784 1583 2856 exiis
1606 2780 1803 2858 inferentes
1838 2783 1924 2885 quod

573 2897 591 2962 i
606 2889 660 2960 dvo
675 2887 855 2986 ‘repererim
865 2906 936 2955 non
954 2876 1134 2956 necelsatio
1143 2927 1154 2963 ,
1182 2905 1244 2953 nec
1255 2876 1389 2979 praecise
1404 2927 1415 2964 ,
1444 2902 1543 2954 notet
1558 2881 1689 2953 animas
1699 2867 1925 2958 Patrurltcoe·

572 2981 612 3054 lo
629 2981 699 3069 jam
715 2999 883 3075 receptas,
913 2975 1162 3053 sedEcclesram
1173 2976 1299 3052 Christi
1312 2974 1522 3075 spiritualem
1534 2980 1570 3051 in
1586 2977 1711 3058 terris,
1739 3003 1831 3076 quae
1847 2979 1924 3056 cale·

565 3075 624 3164 ,dir
635 3073 820 3170 Jerusalem
838 3073 986 3158 dicitur,
1014 3072 1400 3173 steuttegnnmroelorum.
1451 3083 1482 3150 1.
1507 3077 1656 3150 Ratione
1672 3077 1839 3172 originis:
1853 3101 1922 3152 ιιιιιι

572 3170 779 3248 descendite
797 3171 899 3248 coelo.
949 3177 1060 3272 Apoc.
1090 3198 1155 3250 ιιι
1178 3203 1188 3248 t
1216 3198 1275 3249 ιι.
1326 3181 1373 3247 ll.
1398 3173 1549 3248 Ratione
1569 3170 1682 3244 indolis
1702 3196 1745 3248 ac
1774 3197 1926 3252 natum

575 3265 854 3345 namaservitute
868 3271 1121 3356 elementorum
1137 3272 1260 3345 mundi
1268 3271 1400 3354 libera,
1428 3294 1528 3368 aeque
1547 3295 1584 3343 ac
1605 3267 1659 3340 illi
1676 3271 1745 3363 qui
1766 3271 1868 3346 coelo
1883 3265 1923 3344 al-

573 3368 652 3445 serti
664 3366 762 3451 sunt,
789 3369 827 3440 in
843 3363 866 3440 s
882 3369 963 3442 iritu
976 3365 1012 3444 ιε’
1024 3372 1166 3443 veritate
1180 3375 1297 3442 Deum
1316 3368 1416 3452 colit,
1444 3370 1480 3441 bc
1494 3365 1668 3450 πολίτευμα
1681 3367 1792 3442 suum
1811 3370 1853 3444 in
1868 3393 1925 3446 tu·

573 3468 619 3543 lis
632 3464 748 3540 habet.
798 3395 888 3539 Phil.
921 3489 986 3539 ιιι
1016 3492 1027 3538 t
1054 3492 1115 3542 20.
1164 3473 1227 3540 111.
1252 3469 1403 3540 Ratione
1416 3461 1493 3553 finis
1512 3489 1630 3536 :unam
1651 3463 1702 3536 uti
1725 3463 1775 3536 ad
1805 3465 1924 3542 coelutn

574 3561 742 3663 adspirat,
769 3563 818 3633 ita
837 3565 874 3634 δι
894 3560 982 3634 toelo
994 3563 1178 3671 potietur,
1205 3566 1267 3644 δι,
1294 3588 1358 3661 per
1378 3564 1536 3634 omnium
1557 3562 1595 3634 in
1621 3557 1765 3634 Christo
1783 3563 1926 3638 recolle-

573 3663 745 3745 Rionem,
772 3679 876 3731 unam
890 3681 968 3733 cum
977 3658 1019 3729 irs
1030 3660 1092 3756 qui
1102 3662 1137 3733 in
1148 3661 1236 3736 coelo
1246 3654 1324 3733 sunt
1333 3657 1506 3735 constituit
1518 3659 1715 3739 civitatem,
1743 3659 1924 3756 pomeriis

574 3756 721 3833 celestis
749 3754 897 3831 civitatis
915 3754 953 3832 in
980 3775 1107 3832 tetram
1130 3755 1239 3860 usque
1267 3752 1448 3855 protensis.
1497 3753 1588 3857 Eph.
1625 3777 1642 3828 1
1674 3781 1685 3828 t
1720 3777 1784 3834 ιο.
1841 3757 1925 3834 Heb·

574 3875 668 3931 ¹11:
689 3878 749 3929 22.

436 3959 513 4026 xlx.
674 3952 784 4026 XIX.
806 3955 959 4033 Verum,
987 3948 1260 4051 inquietaliquis
1273 4001 1284 4037 ,
1312 3979 1356 4027 an
1374 3953 1406 4026 le
1433 3953 1531 4025 itima
1552 3941 1773 4048 oppositione
1786 3973 1927 4028 εοιιιιιι·

397 4037 705 4121 surm-duntur
714 4044 958 4147 Hierosolyma
970 4074 1050 4148 quae
1066 4047 1217 4131 nuncest,
1244 3975 1821 4148 &Hietoerymaquaesupraesti
1834 4057 1928 4128 Non·

575 4171 620 4220 ne
630 4142 734 4219 satius
757 4138 886 4227 suisset,
914 4145 1103 4246 utrobique
1121 4146 1180 4219 vel
1189 4147 1259 4221 loci
1274 4152 1332 4224 vel
1355 4148 1522 4244 temporis
1544 4143 1772 4218 collationem
1793 4137 1928 4220 fecill'el

575 4265 616 4317 ut
625 4243 793 4317 diceretur
810 4238 1056 4342 Hierosolyma
1078 4269 1159 4343 quae
1179 4269 1260 4319 nunc
1274 4246 1320 4321 cll
1340 4296 1350 4329 ,
1386 4249 1424 4317 δι
1446 4237 1692 4340 Hierosolyma
1714 4267 1803 4339 qpae
1815 4243 1930 4338 fram

574 4340 624 4415 est
649 4369 659 4415 t
686 4339 744 4415 vel
760 4336 1004 4437 Hierosolyma
1026 4340 1283 4439 quaeinfraest,
1310 4346 1348 4417 &
1364 4337 1609 4438 Hierosolyma
1629 4363 1710 4436 quae
1729 4340 1839 4433 supra
1860 4333 1930 4416 elli

571 4444 623 4520 Δι
631 4437 786 4543 protecto
801 4462 874 4516 non
891 4436 1175 4519 deccthominem
1183 4438 1463 4517 Christianumin
1475 4435 1762 4536 exigendpl’auli
1770 4433 1932 4610 sermopp
