4667 5442
668 482 1018 581 Hrsrottrr
1073 483 1605 582 Hrrnosoruua.
1718 491 1813 610 231
1947 510 1952 530 ·

470 646 876 852 tuentius?
891 645 1818 841 uulnus

473 832 706 911 sacerdotibus
727 840 762 910 in
782 838 904 913 urbem
918 834 1095 926 ostendit,
1121 835 1213 914 sacta
1232 846 1312 918 Deo
1331 840 1490 917 facturus.
1541 835 1757 939 Ostensoque
1776 832 1817 909 st·

476 931 515 1004 bi
534 934 689 1006 Danielis
709 934 830 1018 libro,
866 938 927 1033 qui
949 940 1111 1010 Graecum
1134 936 1309 1034 quendam
1327 934 1440 1013 Persas
1460 936 1712 1013 debellaturum
1727 934 1817 1007 vati·
1945 995 1950 1006 .

474 1030 755 1111 sinatus-suerat,
782 1031 820 1104 id
846 1032 890 1104 de
909 1031 942 1104 se
956 1034 1195 1130 interpretatus
1215 1078 1227 1115 ,
1253 1034 1396 1133 Judaeos
1414 1059 1484 1106 non
1502 1059 1603 1132 poena
1619 1027 1734 1106 solum
1751 1030 1815 1103 ab·

472 1118 599 1208 solvit,
627 1122 685 1199 sed
700 1130 738 1201 δι
758 1129 920 1201 omnibus
949 1154 1072 1201 eorum
1085 1128 1266 1226 postulatis
1286 1128 1422 1202 abunde
1446 1126 1617 1204 satisfecit.
1666 1122 1812 1202 Pontifi-

474 1243 514 1293 ce
535 1223 628 1294 enim
647 1247 785 1320 petente
807 1245 846 1296 ut
892 1226 986 1298 atriis
1003 1224 1140 1323 legibus
1154 1227 1271 1298 vivere
1286 1222 1346 1299 srbi
1361 1225 1507 1309 liceret,
1534 1248 1643 1324 utque
1663 1218 1811 1322 septimo

472 1340 618 1415 quoque
637 1344 727 1396 anno
747 1345 852 1394 conce
878 1342 990 1395 eretur
1008 1321 1051 1392 iis
1071 1319 1280 1395 tributorum
1299 1323 1498 1397 immunitas
1518 1370 1532 1406 ,
1559 1318 1716 1396 concessit
1733 1342 1813 1392 om·

432 1475 438 1482 .
469 1414 542 1486 uia.
593 1419 812 1513 Rogantibus
828 1416 954 1490 deinde
972 1439 1012 1489 ut
1030 1442 1090 1490 eos
1103 1442 1248 1515 quoque
1264 1417 1428 1518 Judaeos,
1455 1420 1517 1517 qui
1535 1416 1812 1515 Babyloniamac

467 1508 629 1590 Mediam
644 1514 816 1597 colerent,
842 1508 963 1586 sineret
983 1514 1034 1587 uti
1059 1515 1219 1589 institutis
1236 1513 1408 1613 propriis,
1435 1514 1489 1591 his
1510 1514 1615 1587 etiam
1632 1509 1813 1611 postulatis

469 1628 597 1696 eorum,
609 1603 643 1698 se
663 1605 905 1684 satisfacturum
929 1603 992 1682 else
1007 1609 1184 1708 pollicitus
1202 1610 1260 1685 est.
1312 1614 1429 1711 Atque
1444 1613 1493 1687 ita
1506 1608 1542 1686 se
1553 1607 1813 1705 iserosobnita·

469 1726 589 1776 neres
609 1697 927 1781 sribnrrxrnmn
949 1708 1096 1804 imperio
1112 1705 1316 1783 habuerunt.

569 1801 706 1875 XXVI.
731 1806 785 1875 Eo
806 1803 900 1902 apud
918 1802 1135 1902 Babylonem
1158 1802 1236 1878 fatis
1257 1804 1405 1888 franito,
1431 1801 1539 1902 longa
1559 1806 1648 1878 inter
1670 1805 1940 1879 Sucro-xm*

469 1920 590 2006 orons
610 1902 728 1992 uria,
753 1902 791 1972 &
808 1906 992 1974 Laolons
1010 1904 1146 2001 AEgypti
1161 1923 1260 2001 reges
1287 1901 1331 2002 de
1345 1899 1468 2001 Judaea
1491 1903 1715 1975 concertatio·
1730 1890 1969 2023 fuitfflvffi·

448 1993 514 2068 Et
534 2017 667 2090 prunus
686 1996 831 2094 quidem
846 2005 1099 2076 Prouounus
1125 2002 1231 2073 Laos
1255 1997 1504 2094 Hierosolymam
1514 2000 1716 2096 occupavit,
1743 1987 1987 2105 dolfm

467 2087 508 2165 lo
527 2112 644 2177 tamen
660 2096 939 2170 circumventam.
988 2090 1155 2194 Ingressus
1169 2097 1264 2178 enim
1285 2094 1407 2170 urbem
1427 2093 1576 2169 Sabbato
1596 2138 1610 2178 ,
1634 2094 1734 2168 velut
1756 2087 1810 2167 sa·

465 2209 606 2260 crorum
617 2190 726 2286 gratia
736 2238 748 2273 ,
758 2204 768 2218 ’“
776 2191 909 2291 Judaeis
926 2215 989 2266 nec
1003 2191 1214 2274 arcentibus,
1242 2191 1343 2303 quod
1360 2190 1449 2265 nihil
1468 2188 1588 2264 lrostile
1604 2185 1811 2289 suspicaren·
1874 2235 1878 2240 -

465 2300 525 2355 tur
542 2326 555 2365 ,
582 2285 707 2359 &alio
734 2290 797 2362 uin
815 2313 896 2361 eum
911 2288 1006 2362 diem
1024 2290 1060 2361 in
1074 2291 1197 2362 otio&
1209 2309 1327 2400 qurete
1346 2285 1552 2386 agentibus,
1579 2282 1645 2361 fine
1660 2284 1811 2361 difficul-

465 2400 537 2453 tate
553 2382 687 2478 potitus
703 2311 863 2458 suminio
882 2432 895 2467 ,
921 2384 1040 2459 acerbe
1061 2409 1137 2457 eam
1156 2388 1193 2459 &
1216 2383 1437 2459 melementer
1456 2383 1636 2459 metavit:
1661 2375 1808 2456 multos·

465 2499 538 2573 que
557 2479 735 2575 captivos,
762 2506 807 2554 ex
824 2504 990 2555 montano
1013 2482 1144 2581 Judaeae
1159 2485 1288 2565 tractu,
1315 2482 1353 2554 δι
1369 2478 1653 2575 Hierosolymotm
1668 2480 1804 2562 vicinia,

464 2573 503 2647 in
524 2576 717 2673 AEgyptum
736 2578 930 2661 traduuos,
959 2576 1053 2651 sedes
1072 2578 1122 2651 ibi
1147 2575 1250 2675 figere
1278 2578 1380 2669 jussit.
1431 2576 1647 2651 Clementius
1664 2601 1725 2650 eos
1742 2574 1806 2650 ha-

463 2669 542 2743 buit
561 2677 814 2749 Protorrraus
840 2682 1137 2751 Purranrmnus
1148 2721 1161 2756 ,
1188 2676 1251 2773 qui
1271 2673 1376 2748 femur
1395 2671 1565 2772 &legem
1577 2674 1807 2748 Hebraeorum

432 2775 437 2803 ¹
463 2765 502 2838 in
523 2770 681 2841 Graecam
696 2770 853 2871 linguam
869 2772 1042 2846 transferri
1058 2766 1215 2847 curaville
1234 2817 1246 2854 ,
1273 2774 1311 2844 &
1327 2769 1587 2865 ffiuosolymitaes
1604 2770 1640 2843 in
1651 2772 1808 2869 AEgypto

461 2855 793 2942 servientes-liberos
811 2864 988 2952 dimfiffe,
1016 2894 1160 2943 numero
1181 2890 1319 2943 centum
1338 2867 1464 2968 viginti
1484 2865 1618 2950 millia,
1643 2867 1681 2939 δι
1697 2866 1809 2939 multa

461 2956 615 3057 denique
634 2963 775 3038 donaria
791 2970 871 3037 Deo
889 2967 926 3038 in
938 2965 1093 3064 Templo
1120 2959 1285 3040 dedicasse
1308 2991 1318 3038 a
1351 2990 1431 3063 quae
1453 2958 1632 3037 ambitiosa
1651 2964 1808 3036 oratione

461 3054 582 3130 laudat
600 3060 759 3157 josephus
777 3066 1001 3160 Antipatri:
1025 3087 1081 3139 ιι.
1131 3065 1305 3159 Deinceps
1328 3060 1544 3156 Hierosolyma
1565 3068 1808 3136 Prouoreno
1943 3071 1947 3080 '

462 3154 667 3230 terrem
685 3159 827 3255 patuit:
854 3158 899 3231 ad
912 3182 1108 3232 extremum
1128 3168 1362 3235 Proronno
1373 3163 1606 3239 Euraroar,
1630 3151 1705 3230 filio
1715 3158 1803 3247 ejus.

560 3254 717 3328 xxvn.
740 3254 898 3331 Antiocho
914 3259 1034 3347 Magno
1049 3257 1087 3327 in
1104 3250 1180 3326 Asta
1199 3274 1361 3349 regnante
1379 3256 1415 3326 in
1435 3255 1597 3325 continua
1618 3254 1802 3326 vexatione
1810 3261 1986 3334 xxm&

459 3365 533 3422 tam
545 3348 857 3449 Judaeasuitquam
872 3347 1083 3447 Coelesyria:
1109 3350 1209 3446 quod
1218 3372 1261 3420 eo
1271 3347 1404 3422 bellum
1411 3369 1549 3447 gerente
1559 3371 1640 3420 tum
1651 3343 1937 3444 Philopatmioeb·

459 3442 1023 3545 materiammhujusquefilioq
1051 3448 1246 3543 'Epiphanes
1258 3450 1522 3556 cognominatus
1532 3442 1598 3541 esi,
1613 3439 1680 3518 five
1690 3419 1986 3566 Vissffiufflpg.
2022 3489 2027 3500 ·

461 3563 539 3624 tet,
561 3536 629 3613 five
638 3544 851 3625 vinceretur,
868 3541 958 3616 male
968 3542 1041 3616 mul
1110 3564 1220 3625 entur,
1235 3567 1305 3616 non
1316 3540 1416 3615 ahter
1425 3565 1531 3639 quam
1540 3543 1637 3615 navis
1647 3538 1939 3654 flustibusmm

460 3641 639 3736 utrimque
657 3662 857 3738 oppugnata
872 3686 889 3721 ,
912 3642 1001 3713 inter
1019 3637 1217 3739 prosperam
1228 3640 1266 3712 &
1281 3631 1455 3730 aduersam
1470 3637 1624 3713 Antiochi
1632 3636 1808 3717 fortunam
1936 3637 1942 3650 ’
1966 3685 1969 3690 -

458 3734 602 3828 jastatae.
654 3737 814 3809 Tandem
834 3737 943 3810 riuos
959 3735 1150 3810 Antiochus
1162 3735 1320 3836 Judaeam
1333 3728 1401 3807 suae
1411 3733 1538 3808 ditioni
1547 3736 1686 3828 adjecit.
1735 3745 1811 3812 De-

461 3829 580 3907 innuo
598 3856 683 3905 uero
702 3834 909 3928 Philopatore
925 3828 1017 3906 filius
1037 3834 1111 3923 eius
1126 3858 1183 3905 ma
1258 3857 1292 3905 m
1314 3830 1503 3907 exercitum
1519 3831 1606 3905 duce
1619 3840 1721 3932 Scopa
1738 3835 1809 3910 mi·
1836 3851 1842 3862 '

459 3921 501 4001 fit
512 3929 547 4001 in
569 3923 821 4027 Culesyriam:
849 3930 960 4026 qui&
982 3928 1107 4004 multas
1121 3856 1317 4028 ejusgnuurb'a
1335 3930 1373 4000 δι
1388 3928 1590 4027 Judaeorum
1607 3952 1749 4028 gentem
1769 3935 1807 4008 vi
1876 4025 1884 4036 ι

460 4023 496 4096 in
509 4021 711 4121 potestatem
723 4027 796 4117 ejus
807 4026 960 4102 retraxit.
1011 4025 1206 4120 Aliquanto
1220 4047 1338 4096 autem
1349 4022 1428 4120 post
1445 4025 1621 4101 Annorum
1637 4025 1682 4100 ad
1692 4026 1807 4104 fontes

460 4119 717 4220 Jordaniscum
739 4128 837 4218 Scopa
882 4121 980 4193 raelio
1001 4146 1065 4195 con
1107 4115 1193 4193 effus
1209 4115 1439 4221 fitsuperiot,3
1466 4143 1615 4221 tumque
1632 4120 1808 4222 recepisset

459 4239 644 4314 occupatas
667 4222 800 4329 ascopa
821 4146 941 4299 ories,
970 4143 1168 4314 Coelesjiriae
1189 4212 1289 4308 fimul
1305 4218 1344 4287 &
1362 4216 1555 4327 samaria,
1579 4219 1694 4328 Jutlaei
1713 4244 1807 4318 quo-

460 4335 532 4421 qpe
548 4312 640 4386 ultro
659 4312 875 4387 dedinonem
895 4312 1067 4386 feceruut:
1093 4333 1341 4412 receptumque
1363 4333 1451 4384 intra
1470 4316 1597 4386 munia
1616 4335 1689 4402 ejus
1707 4340 1809 4390 exer-

459 4429 571 4481 utum
590 4410 629 4483 δι
645 4407 842 4510 elephantes
851 4407 1039 4503 liberaliter
1048 4408 1228 4486 aluum:
1252 4409 1291 4484 ἃ
1304 4410 1583 4508 oppugnantibus
1592 4404 1801 4523 presidium,

715 4551 717 4556 .
1765 4529 1806 4581 n
1845 4521 1851 4530 '
1995 4529 2002 4537 ·
