4667 5442
578 479 682 604 684
885 479 1105 572 Oxarro
1141 473 1319 566 lnauc·
1354 469 1630 570 Txnlucr.

578 645 671 716 tibus
688 639 927 736 expectatae,
955 631 1177 732 ejusdemque
1197 659 1352 709 amorem
1369 629 1487 730 indere
1498 631 1544 706 iis
1557 629 1677 706 norit.
1732 631 1821 704 Hoc
1831 625 1929 726 ella)-

572 737 705 828 sterium
729 738 803 811 illud
822 739 892 813 Dei
907 737 951 812 (a
972 739 1082 810 Patrr‘r
1099 737 1141 808 τι*
1159 729 1276 815 christi·
1286 785 1297 812 ,
1319 735 1354 806 in
1371 753 1431 830 quo
1441 727 1518 820 sunt
1534 725 1820 818 omnesrbesauri
1831 727 1930 826 [qia

578 837 632 910 tio
652 856 747 933 atque
769 828 1078 920 notitiaeabsconditi.
1127 825 1259 900 Exilia
1273 829 1478 900 Divinarum
1491 823 1690 924 opulentia
1700 823 1931 922 perfeetion-

580 931 747 1030 profluxit
759 954 989 1041 ,consitium
1010 925 1100 1000 illud
1118 947 1231 998 rncrs
1254 923 1353 1021 quod
1372 923 1418 996 est
1436 925 1527 1033 inter
1549 946 1790 1034 Jxrrovnrr,
1817 923 1932 998 &inter

580 1049 703 1198 llll
713 1049 965 1220 illidii
980 1013 1931 1212 {lelllsslmllllllllsll,l‘lil‘ffrltl

583 1215 721 1294 stitutus
738 1215 784 1294 est
801 1223 878 1290 Deo
898 1216 1046 1314 dignus,
1074 1241 1148 1314 quo
1162 1212 1325 1286 dellinata
1338 1209 1506 1284 hereditas
1518 1209 1568 1282 ad
1581 1207 1749 1284 heredes
1760 1211 1927 1284 deveniret.

584 1317 672 1388 Eam
689 1313 877 1386 voluntatis
895 1307 962 1386 suae
972 1336 1127 1410 partem,
1155 1313 1209 1385 cui
1222 1331 1343 1382 caetera
1360 1309 1479 1380 omnia
1494 1331 1578 1380 cum
1596 1303 1928 1406 sapientiaeturnpo·

582 1414 700 1484 rentiae
717 1433 820 1506 opera
834 1403 1041 1493 inserviunt,
1069 1434 1154 1482 mox
1173 1432 1193 1478 a
1211 1427 1353 1504 peccato
1369 1401 1594 1501 protoplastis
1608 1407 1727 1476 Deus
1746 1399 1928 1504 significarit.

584 1509 717 1579 Verum
736 1507 779 1577 iis
797 1505 980 1578 verborum
1002 1504 1211 1586 involucris,
1239 1507 1274 1575 &
1291 1503 1514 1598 aenigmatum
1533 1497 1793 1600 ambagibus,
1819 1521 1874 1588 ut,
1887 1491 1927 1572 nd

582 1602 722 1674 uberior
741 1593 913 1675 accellrlset
931 1601 1139 1698 explicatio,
1167 1598 1211 1670 de
1232 1619 1346 1672 mente
1364 1599 1433 1668 Dei
1449 1595 1648 1694 ambiguus
1672 1589 1927 1672 manerenectb

584 1689 707 1774 suisset.
758 1697 935 1769 Credibile
953 1721 1036 1796 ergo
1051 1696 1097 1771 est
1112 1695 1334 1769 familiaribus
1349 1692 1537 1789 colloquiis
1552 1691 1668 1790 plura
1678 1693 1730 1766 de
1739 1687 1926 1770 consiliosus

583 1797 702 1867 Deum
723 1789 910 1892 exposuille
932 1840 943 1877 ,
984 1819 1090 1891 quarn
1112 1797 1148 1866 in
1177 1813 1271 1866 tanta
1297 1785 1412 1886 scripti
1431 1787 1607 1862 brevitate
1635 1795 1805 1866 narravit
1822 1785 1922 1864 Moser.

581 1891 665 1963 Hoc
685 1891 806 1986 utique
830 1887 985 1974 constat,
1012 1893 1187 1988 primaevae
1204 1888 1417 1985 promissroni
1439 1881 1641 1959 desemine
1668 1889 1837 1964 mulieris
1852 1905 1926 1982 capu

583 1982 747 2083 serpentis
768 1989 957 2060 contrituro
978 2035 990 2070 ,
1017 1986 1144 2060 multas
1170 1985 1253 2057 alias
1273 2009 1352 2057 cum
1374 2003 1530 2080 tempore
1555 1979 1775 2070 aeceffille,
1808 1981 1923 2084 quaill'

583 2103 656 2153 non
668 2078 907 2157 confirmandae
925 2078 1058 2165 solum,
1085 2079 1142 2155 sed
1163 2079 1419 2154 &illustrandae
1437 2099 1544 2176 atque
1566 2075 1922 2179 amplificandaeinsa·

583 2179 708 2252 virent.
759 2184 881 2254 Donec
897 2178 1036 2254 tandem
1055 2177 1185 2253 Mellrae
1200 2171 1343 2276 persona
1363 2221 1376 2260 ,
1402 2175 1593 2273 &duplex
1611 2177 1753 2276 quoad
1772 2203 1798 2251 u
1890 2197 1920 2248 ιι

583 2295 741 2348 naturam
765 2269 930 2374 egressus,
951 2278 1162 2352 &nativitas
1180 2299 1201 2346 e
1216 2275 1360 2370 Virgine
1377 2273 1513 2372 Regia,
1549 2275 1593 2348 &
1612 2299 1729 2350 onus
1749 2201 1920 2350 exlama-

583 2365 687 2453 hem,
709 2374 746 2444 δι
765 2377 835 2444 vita
851 2397 957 2472 quam
976 2375 1106 2471 privata
1124 2395 1230 2468 quam
1248 2370 1408 2466 publica,
1434 2373 1471 2442 δι
1478 2367 1688 2466 pelliones,
1717 2370 1919 2454 &morab

584 2466 793 2542 resuscitatio
812 2495 830 2540 e
846 2491 980 2554 morte,
1006 2473 1043 2544 &
1058 2461 1202 2543 ascensro
1220 2467 1257 2539 in
1274 2467 1429 2550 coelum,
1455 2467 1494 2542 ὅ(
1513 2469 1635 2541 officia
1661 2473 1792 2544 omnia
1802 2517 1816 2554 ,
1838 2471 1869 2544 &
1879 2467 1920 2538 bc·

584 2559 705 2637 neficia
721 2559 788 2637 suis
805 2565 1031 2646 conserenda,
1059 2561 1314 2662 prophetiarum
1332 2563 1534 2660 praeconiis,
1561 2588 1751 2662 typorum
1760 2567 1917 2642 emblema·

584 2659 708 2742 tibus,
735 2663 997 2734 cerimoniarum
1012 2659 1129 2760 liguris
1138 2705 1149 2743 ,
1178 2685 1242 2760 pro
1265 2661 1468 2734 oeconomiae
1486 2657 1585 2734 istius
1600 2663 1754 2740 ratione
1770 2653 1918 2738 ardicius

583 2755 775 2828 admodum
794 2755 963 2832 delineata
986 2779 1089 2854 atque
1103 2782 1145 2830 ex
1170 2749 1351 2832 ressasunt.
1399 2755 1539 2830 Additis
1551 2779 1773 2856 temporum
1784 2759 1919 2836 clraradt·

583 2849 703 2933 1ibus,
731 2876 804 2949 quo
828 2878 867 2924 ea
882 2878 961 2949 quae
971 2849 1042 2925 lieri
1052 2782 1209 2927 cernebat
1221 2854 1373 2952 populus
1385 2849 1590 2928 lstailiticus
1606 2849 1916 2956 faciliusdgmle·

582 2970 639 3029 re,
667 2950 704 3021 &
724 2972 802 3020 cum
821 2945 937 3030 priscis
960 2950 1105 3025 oraculis
1124 2951 1249 3024 certius
1271 2949 1477 3024 contendere
1488 2945 1620 3064 pollet.
1684 2959 1809 3046 Quum
1823 2973 1918 3028 auten

610 3044 767 3119 lenitudo
789 3047 955 3143 temporis
973 3045 1186 3130 advenisset,
1213 3045 1331 3123 ecoelo
1340 3043 1514 3120 descendit
1522 3048 1595 3120 Dei
1608 3049 1761 3136 Filius,
1781 3055 1919 3160 &quum

581 3067 777 3218 bumanum
794 3136 855 3216 srbi
878 3166 937 3216 cor
961 3169 1002 3218 us
1019 3169 1064 3218 ex
1089 3169 1188 3218 carne
1206 3145 1244 3220 δι
1262 3139 1422 3242 sanguine
1432 3144 1589 3242 Virginis
1607 3147 1751 3224 Marias
1764 3151 1797 3222 iu
1812 3167 1920 3218 vrvuna

625 3240 736 3314 eiratis
748 3236 816 3313 suae
837 3169 1007 3338 templrm
1026 3235 1221 3323 formasset,
1272 3240 1492 3314 laudentibus
1509 3239 1719 3320 coelestiurn
1820 3243 1920 3316 lorum

583 3333 720 3418 choris,
746 3334 906 3410 homines
925 3359 964 3410 ut
981 3337 1098 3412 fratres
1112 3333 1194 3412 suos
1211 3267 1370 3412 vilrtavit.
1419 3341 1464 3408 Et
1473 3333 1671 3434 postquam
1686 3343 1762 3442 dep
1797 3343 1923 3438 dispue-

580 3430 1922 3630 llffm‘llllllallll}lillllsllllll‘ellt’ffllssll‘zlll

1315 3574 1328 3613 2

581 3648 602 3700 a
624 3625 782 3723 Johanne
801 3625 978 3723 Baptista,
1004 3621 1123 3724 insigni
1143 3628 1251 3710 Viro,
1278 3649 1385 3724 quern
1410 3631 1507 3700 Deus
1526 3627 1753 3708 exulceratis
1772 3635 1918 3708 illisera-

579 3719 723 3819 ponbus
741 3721 838 3794 velut
852 3722 997 3835 alterum
1017 3723 1129 3796 Eliam
1147 3721 1448 3806 commodaierat,
1473 3721 1592 3822 palam
1608 3751 1682 3824 pro
1706 3733 1835 3808 Melsra
1894 3729 1900 3742 '

579 3813 1346 4015 iltutllllfflllllllnlrlrllff‘ll
1356 3814 1922 4024 {llllr‘vlsslllnllll‘r

580 4005 641 4082 fim
664 4011 770 4086 animi
799 4033 838 4086 ea
857 4009 1056 4110 tempestate
1083 4009 1317 4094 anhelabant,
1341 4008 1538 4088 sermonum
1553 4009 1708 4092 suorum
1739 4021 1918 4098 admirabili

581 4099 747 4203 sapientia
765 4133 803 4180 ae
820 4110 994 4205 potentia,
1023 4111 1057 4182 δι
1077 4107 1332 4184 incredibilium
1349 4109 1596 4186 miraculorum
1614 4121 1853 4212 patratione,
1875 4139 1924 4196 ctu

577 4200 726 4278 totidem
743 4206 876 4278 invictis
894 4207 1126 4302 argumentis,
1150 4207 1401 4302 comprobavit.
1452 4210 1497 4278 Et
1512 4207 1923 4304 quemadmodrmomni

576 4301 649 4372 vita
665 4299 876 4374 exaililstmae
895 4297 1074 4374 sanstitatis
1093 4301 1268 4398 exemplar
1287 4301 1466 4399 expresl'rt,
1493 4303 1542 4376 ita
1553 4306 1594 4376 δι
1606 4305 1798 4388 diriss'unis
1811 4315 1923 4390 (mda-

572 4396 693 4488 ¹tilius,
720 4415 824 4496 atque
836 4397 1019 4478 immeritae
1027 4399 1156 4490 morti,
1173 4393 1605 4502 impiorumfibimanibua
1614 4401 1921 4586 inserendauprp
