4667 5442
585 481 684 596 732
795 464 1015 558 Onnrro
1053 488 1119 555 or
1157 459 1334 554 Ferret
1372 486 1445 553 nn
1490 428 1762 560 lurarrcr'

684 634 740 706 Ex
759 656 802 705 eo
819 653 976 730 tempore
990 625 1151 703 foecundo
1165 620 1243 722 ipsis
1259 628 1335 699 otio
1356 622 1566 702 sruilicuita
1597 628 1736 726 quod,
1758 621 1912 708 mill'uldc

589 729 702 806 larum
723 725 849 801 odiofis
862 734 900 802 dc
918 726 1099 817 inutilibus
1119 724 1273 820 jurgiis,
1299 721 1504 819 indagandae
1521 746 1657 798 rerum
1676 749 1831 810 natue,
1853 731 1912 804 &u

589 822 725 924 spandae
743 825 980 923 impenderent
998 823 1147 895 veritati.
1200 822 1249 890 Ea
1276 841 1393 892 autem
1420 820 1554 892 veritas
1584 817 1777 922 nusquam
1799 820 1831 897 se
1845 823 1912 924 pss

590 921 813 1019 explicatius,
837 945 943 1018 quam
961 920 1021 991 ubi
1034 921 1189 991 animum
1206 912 1407 990 nanciscitur
1423 916 1467 988 ab
1477 915 1775 994 altercationum
1784 921 1911 996 testum·

591 1019 803 1116 quillatum,
838 1015 1099 1115 &praejudiciis
1120 1006 1361 1110 affeslibusque
1386 1025 1555 1087 vacuum.
1618 1018 1707 1092 Hac
1727 1019 1790 1093 ,via
1805 1020 1910 1116 compr

590 1138 632 1187 ut
644 1111 830 1212 disciplinae
841 1111 1097 1213 propemodum
1107 1133 1249 1189 omnes,
1276 1110 1442 1206 pomoeria
1454 1104 1517 1180 sua
1534 1107 1705 1192 ulterius
1715 1119 1910 1214 promove!

590 1210 630 1283 be
647 1207 767 1307 infigni
789 1213 910 1283 nitoris
929 1211 1140 1282 incremento
1159 1208 1264 1278 auelae
1284 1227 1482 1301 ornataeque
1499 1200 1586 1280 srnt.

580 1362 585 1371 .
689 1309 1007 1387 PHILOSOPHI,
1035 1303 1146 1374 valere
1175 1302 1267 1393 jullrs
1301 1301 1528 1376 elenchorum
1563 1301 1911 1399 sophisticommb

590 1401 695 1501 phis,
725 1406 761 1475 &
779 1398 985 1481 subtilibus,
1013 1395 1164 1472 srvultis
1188 1444 1200 1480 ,
1226 1419 1261 1469 at
1282 1392 1421 1495 spinosis
1443 1398 1713 1497 ,nulliusque
1735 1403 1834 1480 bonae
1854 1405 1911 1502 lm

590 1501 758 1597 argutiis,
785 1497 928 1595 placidae
945 1492 1092 1593 supremi
1110 1494 1298 1575 Numinis,
1326 1497 1360 1566 in
1371 1519 1485 1566 rerum
1506 1519 1647 1574 natura
1658 1499 1912 1601 intimoquenn·

585 1597 636 1667 tis
658 1589 780 1666 recellu
803 1591 869 1666 sese
890 1593 1144 1690 patefacientis,
1174 1591 1457 1687 contemplationi
1473 1615 1609 1669 vacare
1630 1622 1645 1684 3
1675 1598 1717 1669 &
1736 1620 1911 1672 totamrtn!

593 1685 844 1762 universitatem
867 1692 984 1762 animo
999 1687 1194 1785 complexi,
1221 1686 1396 1785 generales
1406 1691 1624 1766 cunstorum
1642 1716 1734 1791 quae
1752 1685 1911 1769 exllanrb

593 1788 723 1858 &iones
742 1786 829 1859 casto
850 1781 1003 1858 sermone
1019 1807 1189 1880 exponere
1208 1808 1220 1868 3
1246 1804 1350 1880 atque
1372 1784 1407 1855 in
1428 1779 1500 1879 ipsa
1526 1792 1789 1864 maximorum
1804 1794 1910 1882 Deind-

591 1906 671 1954 rum
689 1879 814 1955 viscera
834 1881 1028 1956 incredibili
1042 1877 1218 1978 sagacitate
1238 1901 1433 1976 penetrare,
1463 1881 1707 1985 latentesque
1720 1879 1909 1962 rerumtaule

592 1975 752 2052 indefella
770 1977 930 2053 industria
943 2003 1056 2050 eruere
1074 1998 1260 2071 coeperunt·
1310 1981 1506 2058 Naturam,
1539 2004 1621 2056 non
1635 2009 1689 2057 ex
1700 1981 1909 2059 otiosomnb

593 2076 759 2158 minum,
787 2077 874 2149 intra
896 2074 1026 2152 claustri
1046 2068 1079 2145 se
1097 2067 1145 2144 sui
1166 2069 1333 2170 angustias
1363 2095 1491 2146 temere
1523 2077 1753 2166 Jattanrium
1775 2129 1786 2164 ,
1811 2080 1909 2155 lunlilc

592 2173 964 2255 commentationibus,
991 2168 1048 2243 scd
1066 2195 1110 2242 ex
1134 2193 1248 2241 rerum
1272 2164 1418 2265 ipsarum
1442 2165 1712 2267 inspectione,
1743 2182 1781 2251 &
1798 2181 1907 2251 verint!

590 2264 782 2367 saepiusque
799 2271 1023 2367 repetitorum
1043 2267 1355 2362 experimentorum
1376 2270 1719 2360 comprobatione,
1749 2276 1905 2378 explicam

590 2366 651 2437 nd
668 2391 774 2461 quam
786 2392 858 2440 rem
872 2365 1060 2464 plurimum
1074 2361 1233 2434 utilitatis
1251 2360 1402 2434 conferre
1427 2362 1705 2467 microscopia,
1736 2363 1905 2468 quorun,l

590 2483 661 2533 non
678 2463 854 2546 inventio,
882 2485 971 2538 certe
982 2459 1177 2534 exallitudo
1190 2458 1476 2554 communiorque
1493 2457 1612 2547 usus,
1645 2465 1904 2544 seculinolbild·

589 2559 675 2629 citas
691 2556 762 2640 est,
786 2584 913 2641 nemo,
934 2559 1077 2654 opinor,
1100 2558 1467 2653 ingenuusnegaverit.
1519 2562 1686 2638 Horum
1702 2568 1796 2640 enim
1805 2585 1903 2663 open·

588 2649 633 2725 lis
649 2649 872 2743 subjiciuntur
890 2651 1048 2727 fidelibus
1072 2653 1291 2724 minimarum
1311 2649 1561 2748 particularum
1591 2663 1788 2746 minutiae,
1812 2653 1899 2760 qud

586 2749 769 2845 Lynceum
789 2747 949 2823 hactenus
966 2745 1076 2822 visum
1093 2744 1304 2846 effugerant,
1331 2750 1368 2820 &
1387 2744 1454 2820 stne
1473 2746 1529 2823 his
1559 2749 1895 2856 effugissenraeren

587 2847 681 2930 Quae
702 2864 816 2917 tamen
833 2840 1261 2941 deteuaeconspeeaeque‚
1289 2846 1341 2916 uti
1357 2869 1447 2918 nunc
1466 2840 1581 2933 sunt,
1613 2858 1901 2955 rationemquoe

588 2964 675 3037 pora
687 2962 914 3038 generantur,
937 2943 1151 3021 nutriuntur,
1173 2935 1335 3023 creseunt,
1357 2941 1483 3014 &loco
1497 2939 1573 3018 sese
1592 2975 1777 3036 movent,
1795 2947 1907 3025 ndi·

585 3035 688 3115 rabili
700 3036 776 3110 luce
794 3038 988 3112 collocant:
1014 3032 1250 3133 infinitamque
1261 3039 1454 3110 viventium
1466 3041 1795 3132 animalculorum,
1813 3051 1909 3118 inorn-

585 3132 689 3208 nibus
712 3132 780 3207 sere
802 3159 987 3233 corporum
1006 3133 1208 3207 animalium
1228 3132 1380 3229 partibus
1401 3130 1467 3205 sese
1481 3142 1767 3230 motitantium,
1786 3141 1905 3218 maldru-

584 3229 726 3313 dinem,
753 3256 831 3305 cum
850 3227 1028 3303 effectuum
1046 3225 1184 3303 suorum
1203 3230 1442 3303 innumerabili
1455 3235 1660 3324 varietate,
1695 3245 1747 3317 ob
1764 3239 1907 3334 oodw-

584 3346 697 3408 nunt,
723 3352 794 3401 non
814 3324 880 3401 stne
893 3326 1027 3425 stupore
1048 3322 1280 3423 spectantium.
1330 3331 1447 3426 Atque
1459 3326 1528 3405 hoc
1548 3338 1722 3432 quidem
1735 3331 1907 3416 modomli·

583 3420 681 3499 litata
697 3445 797 3497 aetate
815 3423 924 3498 nostra
942 3422 1081 3496 Philoso
1106 3421 1163 3496 hia
1187 3419 1246 3496 est.
1844 3453 1850 3468 ·

682 3519 806 3593 Sed&
824 3525 1069 3593 MEDICINA
1082 3450 1192 3592 labet
1211 3542 1362 3618 quorum
1375 3519 1563 3599 'accessrone
1587 3536 1776 3625 majorem
1788 3533 1902 3611 sciro·

581 3613 669 3687 dum
688 3615 934 3713 locupletatam
957 3611 1020 3688 elle
1040 3616 1199 3716 gaudeat.
1251 3616 1342 3711 Opis
1372 3644 1457 3693 mcae
1473 3627 1625 3703 nonest
1651 3657 1696 3706 ut
1722 3631 1903 3736 srngulrn·

580 3733 726 3787 merem.
776 3714 1004 3787 Praetermillis
1021 3714 1171 3795 caeteris,
1198 3711 1298 3783 unica
1311 3709 1371 3784 illa
1391 3711 1591 3793 observatio
1616 3726 1667 3799 de
1688 3719 1908 3830 perpetual!¹

579 3808 695 3902 guinis
719 3809 939 3883 circulatione
958 3835 1019 3906 per
1030 3811 1167 3883 arterias
1189 3811 1361 3891 &venas‚
1387 3807 1455 3883 suis
1464 3815 1640 3908 praeditas
1661 3827 1839 3910 valvulis,
1856 3843 1913 3936 φ·

577 3923 656 3973 rum
674 3902 777 3976 illaea
799 3907 901 3978 corde
917 3902 1033 3980 versus
1051 3926 1226 3989 extrema,
1252 3900 1308 3976 hae
1326 3904 1369 3977 ab
1383 3912 1547 3983 extremis
1567 3917 1700 3995 versus
1720 3941 1914 4023 corapum·

576 4013 660 4105 tur3
684 4001 803 4083 unica,
826 4005 994 4099 inquam,
1021 4003 1082 4076 ista
1097 3997 1321 4083 observatio,
1349 4000 1461 4075 nescio
1484 4012 1701 4105 enprorsus
1722 4022 1915 4121 ignoraret·

576 4090 695 4174 ribus,
722 4120 809 4169 certe
829 4098 979 4197 neglesta
996 4098 1268 4195 posterioribus,
1295 4121 1385 4171 nunc
1411 4123 1526 4175 autem
1549 4106 1813 4192 industriorum
1830 4111 1917 4191 boni·

574 4210 660 4296 num
681 4193 922 4288 experimentis
942 4195 1118 4268 clarissime
1142 4190 1391 4277 demonstrata,
1411 4202 1532 4295 quanti
1548 4203 1597 4278 ad
1615 4233 1699 4288 tem
1712 4211 1916 4290 omnemllc·

574 4281 689 4362 dream
704 4290 873 4363 momenti
887 4286 951 4379 fit,
978 4295 1058 4393 qurs
1080 4287 1127 4370 est
1145 4292 1209 4391 qui
1227 4286 1378 4369 nesciat}

1740 4473 1744 4482 ¹
1804 4498 1911 4608 lull
