4667 5442
528 508 605 601 Da
648 483 852 602 lirano.¹
883 508 938 603 Iu
976 504 1209 606 Auente.
1246 451 1473 628 Pinnae.
1528 551 1533 560 ·
1603 506 1708 642 3213

347 668 426 749 lum
453 670 565 748 dicere
585 675 736 748 voluerit
763 671 986 773 Apostolus,
1013 675 1114 775 quod
1148 676 1319 751 dicentem
1353 703 1434 753 curn
1457 680 1537 753 facit
1556 678 1697 753 Illustris
1795 721 1797 726 ·

350 776 494 846 Grotius.
544 774 664 845 Coelntn'
687 770 866 865 astriferum
891 798 951 846 roto
986 774 1021 845 in
1044 771 1110 846 loco
1133 773 1204 855 est,
1237 781 1279 847 (t
1315 797 1420 849 tamen
1455 775 1525 867 ejm
1558 803 1625 850 vox
1652 780 1695 852 (Γ
1815 787 1818 794 “

287 915 290 920 -
347 864 449 940 verba
466 867 581 968 abique
597 870 734 944 locorum
752 874 944 949 audiuntur,
968 873 1001 941 id
1016 868 1077 953 est,
1088 875 1151 943 m's
1163 870 1231 960 ejas
1247 874 1448 966 intelligitur.
1502 881 1582 946 Pari
1596 880 1695 955 modo,

350 987 447 1062 qusint
460 963 600 1062 Apnloli
619 971 655 1039 in
669 965 884 1049 illustrioribus
899 963 1031 1040 urbibus
1041 964 1187 1058 fuerint,
1212 970 1319 1065 ibique
1338 978 1381 1045 (t
1392 976 1632 1065 prolicaverint
1651 974 1695 1046 &⁸

348 1064 503 1136 miracula
512 1059 671 1156 fecerint,
696 1063 987 1157 ntHierosrrlymn‚
1012 1066 1167 1153 Casctrrm
1193 1071 1326 1160 θαρρῶ,
1351 1070 1545 1148 Antiochia,
1569 1067 1692 1162 Epheft,

348 1160 514 1240 Corinthi,
538 1158 779 1251 Thessalonice,
803 1166 874 1234 inde
886 1156 980 1250 firma
996 1187 1101 1233 rernm
1112 1182 1274 1234 tantarum
1288 1169 1496 1258 pervenitad
1512 1190 1615 1237 omnes
1631 1182 1694 1235 ter·

346 1281 402 1330 ras
418 1256 578 1355 inquibus
596 1255 780 1331 habitabant
800 1260 928 1348 Jndei,
953 1260 1047 1353 idque
1057 1257 1184 1351 sufficit.
1235 1263 1283 1330 At
1299 1260 1452 1357 profesto
1466 1286 1535 1332 non
1556 1260 1694 1332 videtur

343 1350 509 1428 sufficere.
560 1362 655 1430 Nam
672 1379 751 1453 quae
763 1353 931 1428 institutio
942 1354 986 1426 iis
1001 1354 1048 1427 est
1065 1350 1515 1453 circumscripta-limitibus,
1538 1380 1629 1454 quos
1642 1360 1690 1428 E-

344 1451 496 1548 vangelii
512 1453 748 1549 praedicationi
767 1449 823 1524 hic
843 1446 919 1550 figit
950 1454 1130 1532 Grotius,
1166 1476 1207 1524 ca
1235 1474 1307 1525 tarn
1337 1450 1525 1554 magnificae
1546 1475 1689 1526 conten:

343 1548 452 1618 tionis
470 1549 542 1620 vim
563 1545 722 1624 sustinere
750 1572 821 1620 non
837 1545 978 1644 potest,
1006 1571 1077 1644 qua
1096 1545 1299 1621 institutioni
1321 1575 1401 1647 quae
1421 1551 1508 1623 coelo
1527 1548 1690 1646 magistro

343 1640 384 1714 fit
412 1646 653 1741 aequiparetur.
702 1652 836 1718 Omnes
868 1645 959 1716 eninr
988 1645 1049 1716 ubi
1081 1643 1142 1715 ubi
1173 1643 1299 1743 degant
1322 1645 1482 1719 homines
1514 1646 1573 1718 ista
1593 1643 1691 1718 scho-

343 1739 381 1812 la
402 1741 614 1815 erudiuntur.
667 1742 836 1832 Quamvis
848 1743 936 1814 inter
949 1736 983 1812 se
1003 1741 1128 1838 populi
1142 1740 1272 1840 linguis
1291 1737 1471 1825 differant,
1500 1745 1691 1815 &Graecus

350 1838 521 1909 Barbaros
544 1864 614 1911 non
630 1840 803 1938 intelligat
821 1860 844 1920 ,·
858 1860 976 1910 tamen
991 1838 1036 1909 ad
1058 1843 1197 1910 cundos
1220 1838 1345 1935 pariter
1366 1839 1571 1911 erudiendos
1595 1864 1693 1912 cont·

344 1935 462 2004 munis
480 1934 557 2007 coeli
576 1932 686 2008 sermo
707 1936 784 2009 est:
809 1959 872 2007 nec
893 1934 1083 2032 quicquam
1100 1955 1224 2031 praeter
1245 1929 1435 2008 socordiam
1457 1934 1589 2019 obstat,
1617 1959 1691 2034 quo

342 2032 460 2103 minus
473 2030 661 2104 alieniffimi
681 2035 815 2145 quique
832 2055 878 2106 cx
898 2033 1001 2103 unius
1018 2031 1113 2103 illius
1131 2030 1282 2103 doctoris
1306 2057 1364 2104 ore
1385 2027 1574 2129 proficiant.
1602 2038 1693 2105 Ont-

345 2150 407 2196 nes
428 2124 587 2200 homines
604 2124 670 2200 sive
689 2156 723 2201 rn
744 2126 946 2209 habitabili,
974 2124 1041 2200 five
1059 2128 1094 2198 in
1108 2125 1324 2200 desertiffima
1336 2151 1424 2202 terta
1443 2124 1505 2200 stnt
1529 2160 1539 2209 ,
1567 2130 1693 2225 paritet

345 2222 513 2295 coelorum
530 2226 650 2297 ductus
663 2249 824 2313 cernunt3
850 2225 1037 2321 nullusque
1051 2225 1095 2298 est
1107 2224 1200 2296 orbis
1217 2226 1383 2323 angulus,
1410 2223 1471 2297 ubi
1482 2220 1598 2323 figurae
1610 2223 1690 2304 istae,

344 2343 409 2391 ceu
431 2321 579 2394 totidem
596 2324 802 2395 Divinarum
817 2322 1065 2421 perfestionum
1086 2349 1121 2394 ar
1147 2339 1315 2404 umento,
1353 2322 1506 2420 legendae
1522 2345 1591 2394 non
1611 2346 1695 2418 pro-

346 2413 445 2489 stent.
497 2418 603 2490 Unde
621 2416 719 2491 conse
749 2421 867 2501 uitur,
896 2418 1017 2491 eadem
1033 2344 1170 2515 proriis
1182 2417 1362 2491 latitudine
1372 2443 1479 2516 quarn
1492 2418 1609 2489 David
1622 2419 1695 2489 ani-

343 2536 407 2583 mo
423 2517 605 2611 concepit,
636 2446 776 2613 quando
791 2516 835 2586 de
857 2515 999 2587 naturali
1017 2540 1078 2609 per
1091 2513 1216 2587 coelum
1229 2514 1437 2589 institutione
1451 2514 1612 2595 canebat,
1640 2515 1695 2585 in·

344 2609 536 2776 {elligenda
555 2608 618 2683 elle
637 2636 718 2708 quae
734 2611 861 2686 Paulus
876 2613 922 2686 de
934 2613 1139 2711 ampliffinra
1156 2612 1337 2709 Evangelii
1355 2612 1596 2711 praedicatione
1614 2605 1694 2684 scti-

373 2731 412 2779 rt.

446 2808 512 2878 IX.
539 2805 612 2878 Sibi
633 2808 776 2905 quidem
801 2810 869 2878 Dei
898 2806 1002 2879 verba
1023 2806 1067 2878 ad
1084 2799 1265 2888 ἆξιοπιςίαν
1283 2804 1420 2878 abunde
1442 2800 1611 2877 sufficiunt
1632 2828 1641 2876 ε
1669 2796 1749 2888 fine,
1765 2824 1844 2905 Qu

347 2903 429 2996 quis
443 2924 555 2973 tamen
571 2904 690 2976 eadem
712 2930 755 2978 ex
768 2904 967 2976 hominibus
980 2904 1098 2976 audite
1117 2903 1305 2986 desiderat,
1334 2904 1395 2975 vix
1414 2901 1508 2973 ullus
1534 2926 1578 2973 ex
1604 2900 1872 2980 anti-trintum-

1696 2980 1870 3051 fiaeDoilom
1966 3001 1969 3010 ·

345 2999 427 3091 quis
444 2996 596 3073 Ecclefiae
613 3001 901 3082 Dodoribusest,
930 3005 992 3098 qui
1010 3004 1045 3072 in
1058 3003 1276 3097 praedicanda
1292 2997 1487 3073 incredibili
1509 2997 1694 3070 istaEvan-
1785 3057 1789 3066 .
1842 3082 1856 3099 ο

342 3094 428 3189 gelii
452 3102 699 3197 propagatione
717 3094 811 3170 suarn
833 3124 902 3169 non
916 3100 1104 3170 exercuerit
1122 3099 1372 3195 eloquentiam.
1424 3100 1477 3167 Ex
1488 3094 1607 3165 multis
1618 3090 1691 3163 haec
1702 3076 1844 3193 {mnf

344 3189 489 3264 habeto.
540 3192 689 3285 justinus
704 3197 737 3265 in
756 3195 895 3282 Dialogo
909 3218 978 3263 cum
1000 3191 1165 3286 Tryphone
1190 3223 1200 3259 .·
1225 3190 1277 3258 itt
1298 3191 1325 3257 lv
1339 3186 1401 3284 tole
1413 3186 1483 3261 inne
1495 3188 1545 3262 iet
1561 3183 1596 3254 tl
1610 3189 1696 3269 pto&

346 3281 509 3378 ἀνθρώπων
530 3334 541 3361 ,
564 3289 621 3355 irre
635 3284 815 3384 βαςζαὶςων,
836 3285 896 3353 e'r're
916 3285 1061 3358 imitor,
1083 3283 1144 3352 εἴτε
1170 3286 1277 3360 ἅπλῶς
1299 3286 1417 3370 ᾧτινιὲν
1437 3287 1561 3368 ὀνόματι
1580 3313 1607 3352 rr
1626 3310 1696 3350 orat-

346 3377 534 3460 φορευομίνων
547 3378 615 3447 &c.
641 3380 731 3470 atqui
745 3401 781 3445 ne
800 3400 898 3454 unum
915 3377 1039 3470 quidem
1049 3370 1092 3453 est
1103 3396 1203 3465 genrn
1223 3373 1423 3454 mortalium,
1443 3373 1511 3461 five
1531 3307 1695 3444 Beriara-
1718 3453 1722 3459 ,

344 3497 422 3547 rum
438 3525 448 3553 ,
466 3470 536 3562 five
554 3479 755 3552 Grecorum,
771 3471 843 3565 five
862 3474 959 3542 etiam
976 3469 1112 3542 aliorum
1130 3476 1287 3550 omnium,
1311 3493 1490 3567 quocunqne
1503 3467 1696 3565 appellentur

345 3574 494 3649 nomine,
518 3570 572 3641 vel
587 3568 867 3649 Amaxobiorum,
892 3567 948 3639 nel
966 3572 1151 3640 Nomadum
1172 3571 1262 3640 domo
1279 3568 1476 3648 carentium,
1500 3564 1605 3640 nel-in
1625 3585 1693 3639 ten·

348 3670 443 3740 toriie
455 3670 636 3739 viventium
656 3666 897 3748 (Scenitarum)
922 3667 966 3738 (θ’
987 3660 1230 3758 cronpecoribue
1244 3663 1586 3746 vitamtolerantirtm,
1610 3666 1695 3737 inter

347 3785 427 3860 qnos
438 3781 617 3859 peritomen
639 3758 897 3854 crucrfixiyesu,
914 3759 1155 3858 supplicationes
1178 3764 1222 3836 (r
1230 3765 1411 3856 gratiarnm
1426 3761 1563 3834 animes
1585 3762 1695 3842 Patri,

342 3856 540 3954 fizbrr'catorr'
559 3884 665 3932 terrem
683 3863 846 3935 omino,
872 3885 931 3932 non
942 3854 1036 3945 fiant.
1062 3863 1211 3931 Irenaeus
1223 3904 1240 3938 ,-
1258 3856 1321 3931 lib.
1351 3882 1383 3931 1.
1399 3882 1474 3955 cap.
1492 3881 1573 3931 111.
1625 3853 1695 3945 Etst

342 3961 383 4032 in
401 3960 511 4029 mindo
531 3955 657 4054 loquele
673 3955 824 4051 dnsrnilas
838 3956 934 4045 sunt,
952 3954 1009 4043 sed
1026 3973 1129 4025 tamen
1145 3959 1254 4028 virtus
1271 3957 1447 4030 traditioni
1463 3958 1571 4029 una&
1589 3958 1695 4028 eaden

350 4052 406 4139 est.
455 4057 501 4128 Et
521 4077 618 4151 neque
633 4052 678 4125 lrae
694 4075 760 4150 que
777 4055 811 4123 in
836 4053 1007 4125 Germmia
1016 4048 1091 4135 stent
1103 4046 1245 4140 frendere
1266 4047 1407 4140 Ecclefiae
1432 4051 1529 4126 aliter
1550 4057 1692 4136 metunt,

352 4168 412 4224 ant
427 4150 524 4223 aliter
539 4154 699 4230 tradunt,
724 4171 822 4246 neque
840 4149 886 4221 lrae
904 4171 970 4245 qne
996 4145 1177 4218 inHiberir
1190 4146 1290 4236 sunt,
1314 4171 1410 4244 neque
1425 4148 1469 4224 ho
1484 4173 1549 4246 qno
1568 4152 1600 4221 in
1621 4148 1693 4221 Cel·

354 4253 418 4327 tir,
439 4248 598 4343 nequalia
615 4250 729 4343 quein
749 4248 909 4327 Oriente,
932 4266 1033 4340 neque
1050 4243 1094 4314 lm
1113 4263 1179 4338 qne
1199 4249 1233 4316 in
1249 4248 1350 4317 medio
1369 4248 1476 4318 mnndi
1492 4245 1565 4332 sunt
1587 4272 1641 4318 con
1666 4246 1692 4317 i·

349 4363 456 4419 tnta:
480 4344 533 4429 (ed
544 4342 627 4433 ficut
644 4343 697 4417 Sol
711 4362 859 4417 creatma
872 4346 941 4417 Dei
957 4345 991 4412 in
1010 4336 1153 4428 urrinerfh
1172 4346 1284 4415 mundo
1301 4365 1381 4413 unm
1404 4349 1446 4424 (r
1471 4347 1552 4423 idern
1569 4339 1610 4426 est
1620 4396 1630 4422 ,
1647 4339 1692 4432 fre

350 4444 398 4517 ὁ·
412 4440 514 4617 lupen
535 4443 578 4514 d
590 4443 771 4536 mentatio
787 4442 935 4517 veritati
951 4435 1068 4530 atique
1078 4435 1183 4613 ltacgt,
1208 4438 1694 4550 &illumiretmshominen
1743 4453 1749 4462 “

477 4561 537 4619 mi
572 4543 627 4620 Hs
773 4615 788 4630 ‚
1166 4560 1185 4612 8
1639 4555 1694 4630 qu
