4667 5442
1190 988 1326 1059 DE
1389 989 2012 1067 mtmcwns
2079 992 2376 1068 FIDEI
2436 947 2970 1089 Junmca.
3332 1028 3423 1101 ς,

706 1214 755 1256 „
779 1190 912 1240 non
942 1164 1091 1239 efl'et
1116 1167 1485 1270 baptisatus.
1589 1174 1894 1245 Attamen
1934 1172 2235 1273 baptismi
2277 1182 2486 1250 vicem
2519 1177 2819 1254 subibant
2870 1185 3169 1282 Gregorii
3208 1184 3418 1263 lactu-

714 1320 766 1356 „
787 1293 948 1346 mae,
997 1267 1238 1364 quibus
1263 1270 1508 1342 affatim
1545 1268 1874 1375 rigabatur
1900 1271 2193 1373 sepulcro
2227 1284 2358 1371 jam
2388 1282 2720 1351 conditum
2742 1307 2992 1380 corpus,
3021 1288 3419 1379 injunstum·

707 1413 756 1446 „
790 1390 919 1463 que
946 1364 1129 1438 fimul
1162 1374 1478 1466 Gregorio
1517 1396 1603 1443 ne
1632 1370 1756 1443 tale
1784 1375 1945 1469 quid
1973 1376 2390 1472 imposterum
2430 1401 2699 1474 peteret.
2798 1384 2877 1453 Et
2897 1378 3033 1453 haec
3075 1380 3313 1458 scilicet
3346 1389 3419 1458 in

711 1466 1066 1562 Evangelio
1097 1468 1614 1542 Christianorum
1662 1467 1915 1567 scripta.
2014 1477 2189 1546 Tum
2220 1484 2288 1548 &
2344 1474 2467 1547 hoc
2503 1474 2978 1551 observandum
3005 1530 3022 1562 ,
3068 1480 3421 1557 trabem-in

709 1570 1083 1663 Judaeorum
1116 1568 1316 1640 oculis
1366 1564 1488 1641 effe
1544 1566 2026 1645 Pontificiorum
2081 1577 2360 1645 monstra
2418 1577 2499 1645 de
2552 1577 3288 1664 transsubstantiatione,
3337 1585 3424 1655 de

711 1682 1020 1741 κολυτοιία
1036 1672 1322 1765 corporis
1355 1667 1642 1749 Christi,
1685 1674 1765 1741 dc
1796 1668 1975 1743 milla
2006 1680 2074 1745 &
2106 1668 2417 1745 similibus
2450 1670 2761 1748 insubidis
2793 1686 3219 1762 commentis,
3273 1705 3424 1778 quae

712 1773 829 1839 nos
861 1775 1065 1938 juxtad
1078 1774 1229 1839 cuin
1251 1764 1549 1842 Hebraeis
1574 1769 1971 1861 execramur,
1987 1795 2432 1871 negamurque
2449 1776 2519 1844 in
2535 1771 2937 1853 sanaiffimo
2951 1776 3196 1852 Christi
3210 1783 3426 1852 Evan-

764 1870 892 1941 elio
925 1892 1018 1940 tra
1070 1871 1115 1938 i.

714 1897 759 1967 g
912 1984 1070 2040 vul.
1126 1965 1255 2038 His
1297 1964 1675 2065 praemiffis,
1724 1964 2103 2067 respondeo.
2166 1990 2228 2045 1.
2281 1967 2481 2044 Nibil
2511 1971 2730 2044 essein
2766 1975 2865 2047 Ν.
2900 1975 3295 2047 Testamenti
3330 1975 3420 2047 li-

712 2066 851 2141 bris
884 2066 1061 2165 quod
1087 2088 1219 2138 tam
1248 2064 1561 2142 absonum
1605 2069 1931 2148 videatur,
1980 2071 2083 2140 cui
2112 2093 2242 2142 non
2273 2064 2476 2140 fimile
2500 2072 2746 2144 ostendi
2779 2069 2971 2172 poffit
2988 2081 3056 2145 in
3086 2078 3171 2147 V.
3197 2076 3424 2146 Testa-

715 2191 963 2241 mento.
1039 2168 1415 2264 Proponunt
1444 2168 1652 2266 Judaei
1686 2192 1996 2266 magnum
2026 2165 2183 2238 illud
2216 2168 2590 2261 mysterium
2619 2173 2917 2255 Pietatis,
2967 2171 3300 2246 Christum
3315 2199 3423 2247 re-

713 2267 1001 2342 velatum
1044 2270 1114 2336 in
1149 2290 1377 2354 carne,
1434 2274 1499 2341 δι
1530 2267 1684 2339 duas
1718 2273 1786 2337 in
1817 2292 1942 2338 una
1976 2264 2243 2367 persona
2273 2293 2547 2342 naturas.
2663 2274 2803 2369 Ego
2843 2296 3170 2371 opponam
3200 2272 3426 2346 Fabri-

712 2393 860 2458 cam
900 2391 1095 2444 arcae,
1149 2385 1482 2465 totamque
1514 2368 1676 2438 adeo
1697 2364 2025 2439 historiam
2051 2366 2321 2453 diluvii,
2401 2368 2481 2439 de
2557 2366 2810 2442 uobaut
2832 2367 3025 2466 paulo
3050 2377 3265 2446 minus
3280 2397 3422 2445 cre·

714 2463 945 2541 dibilia
988 2468 1270 2538 Divinus
1286 2471 1479 2540 Vates
1526 2465 1826 2537 edillerit.
1938 2469 2282 2563 increpant
2325 2463 2483 2539 illud
2590 2464 2773 2539 bristi
2815 2469 3232 2558 miraculum,
3283 2495 3424 2570 quo

717 2573 1017 2667 quinque
1046 2564 1320 2665 panibus
1349 2593 1424 2639 ac
1457 2563 1706 2638 duobus
1732 2559 2051 2663 pisciculis
2093 2588 2190 2638 tot
2238 2563 2581 2638 hominum
2631 2564 2839 2640 millia
2871 2564 3173 2648 satiabat,
3224 2596 3424 2668 atque
3476 2572 3486 2582 ’

718 2674 808 2742 ita
832 2671 1103 2765 quidem
1143 2688 1214 2739 ut
1247 2663 1569 2740 residuum
1605 2670 1886 2736 nimium
1913 2687 2228 2763 quantum
2253 2662 2576 2762 superaret
2593 2664 2750 2739 illud
2769 2667 3012 2766 ipsum,
3068 2668 3105 2739 εὶ
3134 2695 3268 2767 quo
3285 2675 3421 2768 pri-

718 2793 904 2842 mum
937 2765 1197 2839 cibandi
1227 2769 1487 2839 initium
1519 2760 1930 2838 sumebatur?
1977 2769 2117 2864 Ego
2159 2764 2316 2836 illud
2357 2764 2746 2863 comparabo
2791 2792 2940 2839 cum
2990 2768 3422 2843 Israelitatum

717 2863 979 2943 tranfitu
1090 2890 1122 2937 r
1145 2890 1324 2937 mare
1353 2865 1663 2943 rubrum,
1706 2887 1856 2936 cum
1891 2868 2036 2936 Evae
2064 2867 2388 2936 creatione
2421 2890 2499 2936 ex
2534 2866 2701 2937 costa
2739 2867 3014 2955 Adami,
3054 2892 3202 2941 cum
3223 2866 3424 2940 fabri-

716 2987 792 3044 α
829 2892 1091 3066 templl‘,
1138 2986 1277 3038 tum
1303 2963 1729 3042 salomonici,
1783 2985 1920 3034 tum
1946 2962 2119 3037 illius
2142 2964 2318 3062 quod
2344 2966 2638 3061 apparuit
2666 2963 3025 3054 Ezechieli,
3070 2968 3422 3040 concilian-

718 3073 802 3142 da
828 3071 1011 3143 omni
1038 3091 1117 3137 ex
1158 3086 1337 3163 parte
1358 3089 1507 3138 cum
1540 3058 2043 3137 dimensionibus
2062 3062 2542 3135 Mathematicic
2559 3114 2580 3150 ,
2632 3071 2705 3138 &
2733 3062 2873 3138 aliis
2894 3063 3109 3138 multis
3128 3117 3145 3145 ‚
3180 3071 3250 3140 in
3273 3071 3424 3166 qui..

718 3167 842 3242 bus
893 3164 1011 3266 ipsi
1043 3163 1228 3238 valde
1257 3162 1565 3238 desudant
1576 3188 1607 3251 ;
1658 3166 1983 3260 imprimis
2012 3187 2161 3237 cum
2188 3160 2333 3235 oleo
2366 3164 2578 3235 viduae
2621 3182 2754 3237 tam
2789 3160 3168 3239 miraculose
3195 3165 3422 3240 multi·

718 3266 956 3370 plicato
986 3290 1099 3364 per
1138 3261 1433 3337 Elisaeum
1464 3271 1670 3363 &per
1706 3264 1987 3335 eundem
2033 3262 2260 3337 cibatis
2301 3283 2565 3336 centum
2612 3261 2982 3337 hominibus
3017 3291 3143 3364 ope
3182 3269 3422 3365 viginti

806 3371 985 3440 nium
1006 3365 1546 3444 hordeaceorum,
1597 3362 1680 3436 fic
1704 3385 1773 3437 ut
1804 3365 2013 3436 adbuc
2047 3361 2412 3463 superesset.
2525 3365 2691 3438 Haec
2735 3360 2848 3436 ubi
2901 3363 3237 3436 credibilia
3277 3366 3424 3439 aliis

715 3393 1031 3555 feam-int,
1076 3465 1265 3540 nobis
1300 3491 1432 3538 non
1473 3463 1750 3538 multum
1795 3457 2108 3560 supererit
2145 3468 2416 3561 negotii.
2533 3485 2604 3538 2.
2661 3467 2734 3534 Ο
2773 3486 2972 3558 quam
3030 3464 3227 3541 velim
3274 3467 3426 3537 istos

715 3568 1021 3641 homines
1050 3561 1271 3636 secum
1296 3562 1620 3636 habitare!
1688 3557 2061 3656 Respiciant
2104 3559 2290 3635 suum
2335 3556 2655 3637 Talmud‚
2718 3567 2789 3630 &
2831 3585 2975 3655 quae
3027 3586 3158 3633 non
3193 3560 3286 3629 ibi
3321 3587 3422 3632 re·

810 3671 979 3735 rient
1025 3663 1408 3758 opinionum
1436 3661 1755 3729 monstra?
1800 3661 1905 3730 De
1933 3659 2308 3731 Vermiculo
2351 3655 2599 3743 ἾῚΕΨ,
2651 3658 2731 3726 de
2748 3658 3143 3737 Leviathan,
3193 3659 3274 3728 de
3294 3659 3425 3727 Be·

816 3759 1046 3840 moth,
1093 3761 1174 3830 de
1206 3754 1572 3858 prodigiosa
1605 3757 1717 3828 ista
1744 3781 1897 3836 ave,
1951 3758 2030 3827 de
2078 3756 2263 3829 leone
2302 3759 2407 3830 cui
2454 3777 2860 3852 comparatur
2907 3758 3127 3835 DeuS,
3170 3758 3430 3852 aliaque

718 3872 840 3940 iuo
866 3860 1008 3934 loco
1041 3858 1293 3959 plenius
1322 3858 1660 3930 narranda.
1765 3862 1996 3930 Unum
2026 3860 2475 3931 tantummodo
2519 3879 2693 3928 nunc
2723 3855 2972 3935 dicam,
3023 3858 3198 3952 quod
3229 3855 3430 3928 hodie

718 3962 871 4040 casu
919 3962 1268 4061 reperienti
1295 3980 1427 4029 non
1446 3960 1655 4056 potuit
1683 3982 1818 4029 non
1847 3980 2112 4028 movere
2135 3952 2357 4029 risum.
2439 3963 2518 4027 In
2553 3956 2821 4026 tractatu
2850 3953 3236 4027 Talmudico
3266 3962 3432 4025 San-

720 4066 948 4138 bedrim
976 4067 1061 4134 ita
1090 4056 1493 4134 fabulantur.
1546 4058 1781 4150 judicet
1823 4059 2039 4153 quivis
2078 4054 2305 4128 harum
2354 4080 2569 4128 rerum
2618 4057 2861 4156 peritus
2903 4079 3101 4151 quam
3135 4052 3420 4126 inficere.

583 4235 589 4244 ,
718 4144 965 4233 nbvm
1005 4164 1139 4228 nt:
1173 4160 1313 4252 rup
1356 4159 1556 4254 wm
1604 4136 1878 4224 busan:
1914 4157 2041 4221 w
2066 4156 2273 4224 mm
2320 4161 2430 4224 m
2475 4156 2612 4221 nu·
2650 4133 2890 4219 nunu
2937 4156 3162 4219 uum
3197 4155 3430 4223 mv:

721 4264 1029 4333 'ninam
1060 4242 1227 4328 ‘rm
1274 4255 1433 4345 Τιῡ
1462 4259 1640 4322 nm
1677 4233 1863 4321 νῆν]
1907 4256 2170 4344 {iu-um
2220 4260 2314 4325 Eo
2354 4273 2601 4347 tempore
2641 4274 2757 4343 quo
2801 4255 3036 4320 salmo
3078 4255 3139 4322 in
3181 4274 3428 4323 uxorem

726 4366 902 4437 duxit
918 4360 1113 4453 filiam
1145 4354 1471 4429 Pharaonis
1484 4397 1507 4430 ,
1557 4351 1831 4442 deflendis·
1858 4351 2101 4422 Gabriel
2125 4357 2200 4430 ά
2218 4355 2370 4439 fixit
2400 4359 2693 4424 calamum
2721 4352 2783 4418 in
2815 4372 3009 4428 mare,
3061 4354 3166 4442 qai
3194 4353 3428 4423 araxis

724 4481 988 4542 mm,
1028 4459 1090 4528 in
1129 4480 1244 4550 qao
1276 4450 1545 4537 «edificata
1593 4451 1669 4545 est
1715 4453 1853 4522 urbs
1876 4473 2089 4545 mgna
2134 4475 2253 4543 quc
2282 4452 2361 4546 est
2407 4459 2616 4528 Roma.
2727 4449 2912 4550 Qid
2957 4450 3030 4520 in
3070 4451 3427 4551 Evangelio

690 4619 695 4624 -
726 4561 867 4636 mia
892 4562 1087 4660 nugis
1115 4567 1184 4632 δι
1220 4550 1328 4629 sua
1360 4556 1423 4625 ic
1454 4547 1841 4626 absurditate
1867 4547 2350 4624 confutantibus
2383 4554 2699 4648 portentis
2730 4545 2984 4634 limile?

925 4679 1029 4732 lx.
1088 4657 1325 4759 Qoad
1348 4650 1693 4726 secundam
1712 4648 2151 4745 objectionum
2178 4649 2428 4722 claffem
2451 4700 2468 4730 ,
2515 4646 3428 4746 quibuseaurgentquaeDeo

728 4765 951 4836 ninus
982 4761 1181 4856 digna
1199 4755 1541 4837 videntur,
1594 4758 1775 4848 juvat
1810 4747 2131 4845 specimen
2186 4750 2452 4848 aliquod
2489 4744 3094 4856 proponerpxerbis
3129 4746 3428 4820 Nobilis-

732 4857 885 4936 fimi
910 4859 1073 4938 Viti
1110 4859 1206 4935 D.
1238 4852 1429 4952 Cess.
1460 4855 1910 4954 L'Enperm,
1948 4849 2010 4922 in
2052 4847 2444 4944 dtffireaeieu
2471 4849 2556 4924 aa
2591 4851 2888 4926 Lec‘im
2907 4848 3145 4947 pnfixae
3180 4846 3433 5019 HQ?
