4667 5442
728 443 1312 526 D‘rTRINITATE.
1637 460 1716 553 ιη’·

356 624 511 729 frigetato
533 626 689 714 sedatior,
717 632 879 728 annisque
897 629 1080 730 provediot
1099 622 1196 703 foret.
1271 631 1437 730 Apprime
1459 633 1499 705 ad
1523 656 1592 708 rem
1613 633 1705 720 facit,

354 732 444 825 quod
458 737 498 803 R.
522 732 680 803 Abrabam
694 737 859 802 annotavit
877 735 918 801 ed
930 731 1053 804 rurum
1071 728 1191 829 Jctzira
1209 731 1294 827 apud
1312 734 1444 824 Rinaeng.
1456 754 1490 825 p.
1513 754 1570 821 52.
1631 737 1704 810 Ubi

350 832 395 900 dt
407 831 557 921 mysterio
571 834 813 902 emanationum
827 833 871 901 ita
888 828 1042 927 loquitur.
1090 832 1134 897 fe
1150 829 1191 898 be
1207 829 1314 913 semin
1327 849 1469 901 amanam
1488 836 1523 901 de
1536 836 1643 930 origine
1657 863 1703 908 re·

347 930 461 999 ondita
484 932 524 1006 <e
537 929 717 1017 abundet,
749 928 801 999 tii
820 934 900 1000 nuda
920 948 1125 1000 creaturarum
1138 931 1247 1019 poterit
1256 927 1342 1019 stare
1359 932 1440 1022 aptari
1456 935 1613 1004 veritum
1626 939 1702 1029 ejas.

345 1029 411 1119 (id
429 1029 474 1098 est
491 1031 662 1101 veritatem
682 1036 752 1123 ejus
774 1025 918 1126 affequi)
949 1029 990 1106 ά
1006 1026 1250 1119 nedasptcuiae'o
1260 1031 1369 1120 peterit
1382 1028 1466 1116 stare
1477 1029 1572 1127 supra
1592 1034 1705 1123 effetata·-

346 1127 491 1222 emejus,
515 1125 647 1217 deficiant
662 1150 759 1199 etates
776 1129 807 1196 in
829 1126 1043 1220 apprehendent
1056 1127 1135 1222 ejas.
1188 1128 1280 1197 Hinc
1296 1126 1344 1198 est
1362 1128 1452 1227 quod
1471 1150 1605 1203 cmm
1621 1131 1701 1219 fitne·

348 1245 431 1295 neam
463 1234 483 1311 (
492 1249 550 1324 pet
566 1241 666 1322 quam
681 1229 761 1322 quid
782 1224 966 1324 intelligant
988 1222 1183 1297 Cabbalistre
1200 1240 1322 1297 tantm
1338 1248 1440 1301 xxur.
1472 1251 1511 1298 ex
1554 1227 1702 1326 suimus)

344 1322 490 1395 mirabili
507 1323 749 1397 nomenclatura
764 1346 881 1397 vocent
903 1330 948 1402 ptr
972 1320 1037 1395 five
1050 1327 1138 1396 Nou
1154 1326 1245 1413 ΕΝε,
1266 1347 1304 1395 ec
1324 1349 1380 1397 aon
1394 1325 1481 1413 finit,
1533 1354 1572 1402 oc
1589 1331 1635 1403 est
1654 1338 1701 1411 Ν
1822 1396 1825 1401 ,

347 1427 419 1502 ἢῖῡ,
447 1426 519 1514 qaia
536 1447 588 1495 ner
600 1443 665 1494 tarn
679 1424 760 1495 tenui
772 1446 844 1518 erga
859 1446 904 1493 ret
918 1424 1052 1494 Divinae
1066 1423 1172 1516 ingenii
1185 1428 1514 1518 pergamentum,
1535 1432 1571 1499 de
1585 1432 1623 1499 iis
1640 1453 1704 1522 qaae

346 1542 404 1590 non
418 1540 572 1617 apparent,
596 1526 670 1594 baur
682 1522 767 1613 secus
778 1542 866 1615 atque
884 1526 918 1592 de
932 1522 970 1592 iis
989 1545 1049 1616 que
1063 1545 1118 1596 non
1128 1520 1199 1607 sunt
1214 1524 1391 1614 redeamus.
1443 1530 1493 1598 Ut
1512 1528 1546 1598 id
1563 1526 1700 1627 explicat

347 1618 493 1695 laudatus
508 1624 609 1695 modo
623 1624 795 1694 uncrinus
813 1643 847 1716 p.
864 1632 925 1695 62.
946 1619 1045 1708 unfit.
1118 1620 1278 1719 Applieet
1299 1625 1334 1693 id
1351 1622 1483 1695 Kimchi
1501 1648 1627 1698 aeternae
1642 1652 1701 1727 ge·

345 1725 521 1793 necationis
539 1722 703 1815 mysterio,
726 1730 761 1796 dr
775 1717 865 1793 suam
881 1725 987 1820 potius
1004 1724 1222 1818 ignorantiam
1237 1743 1275 1791 ac
1294 1725 1476 1821 paupertini
1496 1727 1620 1823 ingenii
1635 1732 1699 1801 im.

342 1815 553 1892 becillitatetn
572 1818 726 1913 fateatur,
752 1845 852 1920 quam
867 1841 904 1894 ut
917 1840 984 1892 tatn
1004 1816 1185 1892 carnalibus
1198 1823 1376 1894 ratiociniis
1395 1827 1564 1897 tremenda
1577 1826 1693 1920 myste-

293 2051 297 2059 ·
342 1940 393 1991 ”a
410 1939 621 2092 owxliiiieix.
654 2019 766 2119 Rogat
779 2042 860 2092 num
873 2018 993 2094 DEUS
1014 2013 1069 2100 fit,
1094 2017 1147 2090 cui
1170 2040 1209 2089 ea
1232 2017 1337 2091 nostra
1357 2011 1514 2094 sententia
1537 2024 1631 2096 Pater
1647 2025 1698 2097 di.

309 2144 314 2158 ·
341 2120 401 2209 cit,
428 2116 550 2217 postula
566 2120 655 2194 lame
675 2130 768 2204 &c3
799 2128 992 2218 &quonam
1014 2119 1112 2191 modo
1125 2119 1254 2191 Patrem
1268 2116 1367 2190 Filius
1392 2141 1507 2219 roget,
1534 2119 1642 2197 fifilio
1655 2150 1697 2197 ε.

340 2241 408 2315 que
427 2223 523 2292 DEO
538 2243 576 2291 ac
594 2222 686 2291 Patet
701 2220 746 2291 eil
768 2220 882 2291 eadem
903 2243 979 2292 cunr
1000 2222 1093 2291 Patre
1106 2219 1241 2315 potestat
1262 2240 1449 2317 competat:
1491 2222 1555 2292 Sed
1577 2226 1695 2319 quidni

340 2321 501 2392 isDEUS
519 2314 568 2407 fit,
597 2322 655 2415 qui
673 2323 798 2390 Patrem
812 2342 915 2417 rogat.
938 2341 1042 2413 quum
1057 2341 1122 2387 non
1139 2340 1231 2415 roget
1245 2343 1310 2414 qua
1330 2321 1436 2399 Deus,
1465 2315 1519 2390 sed
1539 2344 1604 2416 qua
1620 2324 1695 2417 Me.

341 2418 478 2490 diator?
517 2420 575 2491 An
596 2416 659 2489 tibi
682 2419 804 2489 Tuisve
817 2416 950 2489 Kimchi
971 2415 1144 2511 absurdum
1166 2418 1212 2487 est
1233 2419 1362 2499 dicere,
1388 2419 1476 2515 quod
1493 2420 1613 2494 DEUS
1626 2416 1695 2521 ipse

340 2537 414 2591 oret
430 2514 449 2598 '3
474 2519 614 2590 Annon
634 2514 697 2588 hoc
713 2518 848 2588 totidem
862 2515 911 2586 est
927 2518 961 2585 in
978 2515 1140 2603 Malacha
1154 2519 1294 2587 Beracbot
1306 2523 1382 2609 Cap.
1401 2540 1433 2589 r.
1477 2520 1549 2592 Ubi
1564 2544 1634 2593 non-
1647 2523 1696 2591 di·

339 2619 425 2691 citur
442 2612 577 2697 saltem,
609 2612 663 2688 sed
677 2623 713 2688 dc
729 2614 947 2705 Talmudice,
978 2613 1041 2687 huc
1064 2613 1109 2685 est
1129 2616 1240 2712 inepte
1257 2612 1410 2714 probatur
1429 2641 1470 2690 ex
1491 2614 1548 2717 pest
1561 2636 1639 2692 Lvr.
1653 2639 1692 2713 7.

339 2713 414 2789 Ubi
429 2716 547 2791 DEUS
562 2715 706 2817 loquitur
722 2716 762 2787 de
779 2717 877 2789 domo
891 2717 1046 2789 orationis
1064 2710 1144 2795 suae,
1167 2737 1267 2811 quem
1286 2712 1394 2788 locum
1407 2712 1572 2816 superiore
1584 2713 1695 2791 diffit-

339 2819 473 2897 tatione,
495 2821 531 2888 ni
549 2814 654 2897 fallor,
679 2817 882 2892 adduximus.
957 2812 1068 2915 Rogat
1092 2837 1208 2911 porro,
1228 2838 1270 2885 an
1285 2837 1352 2887 non
1366 2822 1403 2889 dc
1416 2836 1492 2890 ante
1506 2814 1692 2918 postulatio·

339 2939 417 2989 nem
432 2915 531 2998 hanc,
579 2939 669 2988 enter
685 2911 830 3014 polsessio
851 2914 938 2987 illiue
962 2910 1088 2986 cliente
1120 2917 1218 2982 Erant
1233 2911 1308 2982 sane
1328 2912 1370 2983 ab
1386 2913 1444 2985 illo
1461 2938 1629 3013 tempore,
1653 2933 1695 2988 ex

338 3019 518 3181 qrrosgater
536 2943 602 3084 niro
616 3020 727 3085 omnia
739 3013 842 3177 degit,
866 3035 944 3180 quff,
953 3014 1054 3178 Pattsip
1070 3007 1293 3174 suntspaaeter
1307 3004 1525 3178 effplLaprtenae
1549 3008 1573 3081 fi
1588 3010 1694 3087 filium

1163 3129 1173 3173 r
1252 3129 1267 3174 s
1438 3158 1448 3189 ,
1479 3129 1481 3134 ·

341 3128 868 3282 diddiaiitiisudrilidnllidnrirundii
879 3132 1038 3302 fitngitur,
1054 3127 1693 3375 ¹domiinsue[piolieeullingggenririnquiatlitilii:

339 3332 443 3409 quum
459 3333 531 3380 eant
548 3309 703 3407 sanguine
719 3308 776 3378 luo
788 3300 995 3376 redemisset:
1027 3310 1114 3399 juxta
1130 3302 1348 3402 promiffunrJ
1381 3356 1391 3376 .
1407 3323 1483 3380 mu.
1499 3329 1549 3380 12.
1599 3311 1693 3379 Exci·

339 3412 400 3509 pit,
427 3405 558 3482 Christo
574 3405 751 3479 secundum
762 3428 892 3478 crearem
906 3402 1033 3478 nullutn
1048 3398 1139 3475 fuisse
1153 3425 1306 3502 regnum.
1356 3405 1431 3478 Nec
1442 3406 1482 3476 de
1495 3425 1622 3479 terrena
1635 3405 1693 3480 ali·

339 3532 405 3682 pua
422 3517 457 3584 dc
471 3508 635 3581 mundana
650 3530 769 3607 pompa
785 3502 841 3579 hic
858 3508 975 3605 agitur.
1024 3500 1095 3619 lpse
1107 3502 1180 3620 ilex
1194 3500 1535 3619 nostetconfitebarur,
1552 3529 1693 3624 regnum

355 3633 434 3681 uum
449 3608 490 3680 de
506 3604 571 3682 hoc
584 3608 709 3680 mundo
724 3629 791 3680 uon
804 3605 879 3680 effe.
930 3609 1014 3685 Into,
1038 3621 1160 3704 inquit,
1182 3625 1242 3675 nec
1255 3602 1426 3701 Sprtrtualt
1439 3628 1577 3706 regnum
1595 3601 1693 3680 rnol-

339 3707 399 3807 ligi
413 3706 526 3807 potest,
550 3710 626 3805 quia
642 3729 703 3778 nec
719 3703 824 3807 Judai
840 3729 900 3777 nec
913 3699 1094 3794 limatura,
1120 3706 1350 3801 quilmajorenr
1370 3703 1457 3778 otbia
1474 3727 1598 3803 partem
1612 3731 1692 3778 con·

339 3807 500 3925 llituuntg
517 3800 616 3879 fidem
629 3802 725 3923 ipiiup
742 3800 917 3904 suscepere.
979 3808 1045 3885 At,
1071 3801 1190 3919 riclini,
1215 3803 1302 3920 dimi
1317 3802 1401 3874 mihi
1415 3802 1503 3902 ipse,
1525 3806 1692 3924 quomodo

339 3900 1690 4172 lllliil‘nl‘dldlidilidii:liiidielilioli?

341 4108 484 4181 dicatum
498 4099 591 4179 fitiffe
605 4101 729 4179 Christi
743 4108 830 4178 Euan
853 4103 964 4186 elium,
988 4110 1024 4178 dr
1038 4097 1061 4173 ii
1074 4125 1142 4175 non
1156 4103 1176 4175 l
1217 4101 1326 4201 ngulir
1339 4122 1525 4202 acceptum,
1548 4124 1690 4178 attamen

336 4202 407 4278 fine
423 4203 619 4286 discrimine.
641 4206 726 4276 Trot
740 4206 807 4279 Rut
843 4227 921 4276 utve
935 4199 1029 4285 fuat,
1051 4204 1231 4302 generatim
1244 4198 1396 4276 omnibus
1409 4200 1568 4277 oblatum.
1616 4199 1686 4272 Ele-

336 4327 455 4409 ganter
478 4307 669 4381 aermnae
680 4301 768 4380 libro
779 4300 930 4378 mrmsru
941 4307 964 4399 J
966 4303 1094 4453 urlaor:⁴
1130 4307 1264 4396 optem
1274 4303 1352 4376 reim
1367 4304 1460 4377 aden
1472 4298 1610 4392 niuosa
1618 4321 1693 4453 gap:
1708 4327 1715 4388 '.
