4667 5442
566 486 662 607 388
813 475 1714 575 Exrnc1nan10XV.

392 650 564 745 'inm‘
665 598 802 716 xxm.
830 641 939 730 Quod
958 644 1003 715 ita
1023 645 1197 742 redarguit
1215 640 1378 739 Angelus,
1392 663 1431 715 ut
1449 638 1547 715 simul
1567 637 1697 741 signum
1708 641 1848 739 petenti
1867 638 1921 713 ini

572 738 723 837 dulgeat.
774 744 879 819 Ecce,
902 742 973 822 ait,
994 738 1040 807 lm
1053 744 1165 808 σιωπῶν
1178 738 1300 829 slebre,
1325 765 1380 811 nec
1402 740 1489 834 loqui
1503 745 1644 834 poteris,
1668 745 1710 811 ad
1729 762 1804 810 earn
1823 736 1922 835 usque

570 842 676 917 diem,
728 863 767 911 uo
788 832 962 923 haecfiamr
988 861 1024 909 eo
1043 841 1123 933 quod
1138 862 1198 910 non
1216 833 1370 919 credidisti
1381 834 1578 924 sermonibus
1596 839 1672 908 meir
1691 883 1701 910 ,
1726 840 1783 932 qus·
1794 835 1920 930 imple·

387 842 467 955 poi„
484 898 541 933 a..

393 970 438 1010 ηε
453 932 685 1026 &funduntur
713 951 921 1027 intempore,
949 958 1006 1007 20.
1049 933 1162 1005 Facile
1184 929 1338 1005 assentior
1360 934 1451 1005 Viris
1472 932 1723 1014 eruditissimis,
1750 933 1818 1027 qui
1848 955 1920 1005 non

392 1030 443 1087 dm
459 1027 521 1104 su·
570 1033 639 1101 oris
660 1026 772 1102 solum
793 1025 849 1101 sed
871 1032 907 1101 &
929 1025 1179 1101 aurium-usum
1207 1027 1381 1101 Zachariae
1412 1029 1588 1101 ademtum
1617 1023 1681 1099 esse
1709 1029 1915 1126 opinantur.

569 1133 654 1201 Non
677 1125 815 1198 obeam
833 1125 942 1197 modo
964 1119 1105 1198 caullam
1125 1172 1136 1208 ,
1157 1126 1263 1223 ¹quod
1285 1148 1466 1236 utramque
1485 1127 1635 1221 partium
1659 1125 1744 1199 mira
1767 1124 1864 1196 inter
1884 1118 1919 1195 se'

569 1224 653 1308 χίας
672 1226 850 1319 arduaque
867 1247 976 1294 nexus
994 1217 1033 1293 srt
1059 1250 1067 1294 :
1096 1217 1153 1293 sed
1175 1223 1308 1319 niagis,
1336 1246 1418 1317 quia
1432 1247 1520 1294 com.
1532 1246 1591 1296 22.
1606 1221 1754 1303 dicitur,
1782 1214 1838 1303 vl
1861 1221 1920 1285 dli·

568 1344 634 1404 μενε
655 1319 752 1394 κωφός.
798 1323 886 1404 Quae
902 1342 975 1389 vox
990 1318 1150 1415 ambigua
1163 1340 1234 1389 tam
1248 1329 1495 1414 murum'quam
1504 1317 1634 1407 sardum
1652 1321 1799 1397 Graece,
1830 1338 1921 1388 atta·

568 1439 648 1487 men
669 1416 705 1485 &
726 1413 818 1509 apud
838 1418 931 1485 Lxx.
956 1417 993 1486 &
1023 1415 1058 1485 in
1079 1414 1274 1511 Evangeliis
1295 1411 1417 1509 saepius
1443 1411 1533 1487 hunc
1553 1437 1658 1511 quam
1676 1411 1781 1485 illum
1803 1433 1918 1487 notat.

527 1573 531 1579 .
568 1514 618 1583 At
638 1512 817 1590 maxime,
873 1511 1044 1583 uia‘amici
1066 1536 1135 1582 non
1154 1506 1308 1582 sermone
1322 1511 1463 1606 aliquo,
1499 1506 1557 1581 sed
1582 1509 1722 1581 nutibus
1744 1532 1828 1583 cum
1850 1514 1920 1579 Za·

467 1612 473 1622 “
568 1602 681 1677 charia
698 1603 807 1676 locuti
820 1536 882 1678 elie
902 1629 1075 1687 narrantur
1095 1631 1186 1679 com.
1212 1610 1271 1679 62.
1287 1607 1386 1702 quod
1404 1601 1506 1678 surdo
1529 1605 1673 1702 quidem
1691 1600 1764 1677 fieri
1784 1598 1919 1677 necesse

467 1770 477 1782 a
567 1700 656 1781 suit,
684 1722 782 1771 muto
792 1725 906 1775 autem
919 1706 1051 1774 aurium
1063 1700 1160 1775 usum
1172 1701 1310 1774 habenti
1324 1725 1436 1797 nequa
1463 1727 1555 1774 uam.
1607 1696 1821 1797 Apposrtein
1833 1699 1920 1773 hanc

566 1821 643 1871 rem
669 1795 822 1868 laudavit
855 1795 1057 1892 lightsootua
1093 1798 1383 1871 Talmudicorum
1419 1729 1508 1870 illud
1534 1824 1577 1869 ex
1603 1800 1720 1870 codice
1755 1800 1917 1880 Gittim‚

567 1910 669 1979 torn
694 1909 773 1977 1le
798 1915 907 1979 vnn>
935 1896 1034 1992 quod
1049 1900 1170 1968 Graece
1181 1895 1372 1976 diceretur,
1400 1891 1484 1974 mode
1498 1891 1619 1960 siaonia
1632 1891 1757 1968 ἐντοῖς,
1780 1887 1836 1976 ’tel
1852 1895 1919 1959 olm·

567 1990 678 2058 osvero
697 1990 802 2070 αὐτό,
825 1995 1159 2072 Sodomitarum,
1182 1994 1226 2066 &⁸
1239 2011 1370 2064 amatur
1394 1995 1434 2064 ei.
1482 1998 1589 2064 Porro
1606 2010 1841 2059 mutumeum
1857 1982 1919 2061 esse

566 2090 724 2170 fadum,
753 2113 840 2161 mox
862 2089 904 2160 ab
924 2083 1052 2185 egressu
1071 2113 1116 2161 ex
1129 2092 1275 2170 Sancto,
1302 2088 1363 2180 ubi
1382 2088 1631 2158 diuturniorem
1653 2081 1758 2156 solito
1778 2110 1918 2158 moram

567 2184 712 2266 fecerat,
739 2181 805 2257 srve
824 2184 1005 2281 prolixiori
1027 2184 1149 2282 Angeli
1169 2181 1323 2257 sermone
1346 2233 1357 2267 ‚
1385 2181 1451 2255 sive
1472 2179 1532 2253 suo
1551 2181 1713 2279 stupore,
1742 2205 1803 2253 aut
1822 2206 1919 2255 utra·

568 2308 638 2380 que
659 2278 757 2354 simul
774 2276 880 2353 caulla
893 2281 1074 2363 detentus,
1101 2284 1166 2355 toti
1189 2282 1322 2379 populo
1341 2275 1586 2375 deprehensum
1606 2277 1674 2350 est.-
1715 2279 1916 2352 Sacerdotis

568 2383 661 2451 enim
683 2399 776 2459 erat,
798 2374 895 2450 finito
913 2379 949 2449 in
965 2377 1118 2475 Templo
1136 2378 1251 2457 cultu,
1278 2377 1434 2474 populo,
1462 2398 1646 2470 antequam
1666 2374 1916 2459 dimitteretur,

566 2472 699 2551 solenni
718 2477 865 2556 carmine
884 2474 1097 2547 benedicere.
1150 2474 1259 2563 Qiod
1276 2498 1320 2546 ex
1329 2498 1424 2546 more
1436 2471 1579 2544 facturus
1596 2468 1778 2543 Zacharias
1791 2470 1912 2555 haeret,

567 2597 639 2645 non
660 2572 801 2645 faciente
818 2572 971 2643 officium
988 2571 1119 2669 lingua.
1168 2576 1318 2664 Agnovit
1337 2590 1443 2643 autem
1465 2569 1599 2665 populus
1617 2592 1685 2640 eum
1707 2565 1864 2657 vifionem
1885 2573 1917 2641 in

567 2667 697 2762 Templo
712 2666 844 2757 vidisse:
872 2692 942 2739 non
963 2692 1006 2739 ex
1025 2692 1118 2739 mera
1140 2668 1353 2755 conjectura,
1382 2690 1461 2762 quae
1478 2689 1644 2762 perquam
1668 2665 1828 2761 exigua,
1858 2688 1917 2738 aut

567 2762 662 2833 nulla
681 2764 798 2858 potius
821 2808 832 2840 ‚
860 2762 1111 2858 probabilitatis
1139 2758 1207 2833 suae
1228 2759 1392 2842 habuilset
1415 2784 1637 2859 argumenta3
1662 2756 1719 2831 sed
1741 2787 1788 2833 ex
1810 2759 1915 2859 ipsius

566 2854 739 3024 {aclpariae
753 2858 893 2928 nutibus
902 2902 913 2939 ,
941 2857 1091 2954 quibus,
1118 2857 1205 2953 quid
1218 2853 1279 2930 sibi
1298 2854 1479 2939 evenisset,
1508 2882 1579 2954 quo
1591 2879 1726 2955 poterat
1735 2859 1851 2932 modo
1863 2860 1918 2933 in·

593 2981 643 3029 rca
668 2978 714 3028 ar.

387 3073 513 3137 mv,
668 3055 805 3124 XXIV.
832 3049 947 3123 Multa
965 3052 999 3121 in
1014 3048 1081 3124 hoc
1101 3045 1196 3148 signo
1209 3074 1413 3125 concurrunt
1427 3048 1606 3127 observatu
1616 3051 1823 3151 dignillrma.
1852 3057 1934 3147 At·⁴

387 3152 447 3230 Q
469 3148 544 3226 inss·
568 3173 638 3249 que
652 3146 742 3222 illud
759 3147 902 3241 quidem
918 3150 1033 3245 primo
1049 3195 1060 3230 ,
1089 3148 1187 3245 quod
1204 3146 1369 3245 insignem
1391 3148 1681 3223 &admirabilem
1700 3145 1842 3246 prorsus
1851 3151 1917 3222 Di·

383 3231 535 3302 ‘mm
568 3250 658 3320 vinae
674 3246 854 3333 severitates
872 3247 909 3317 &
928 3246 1070 3318 lenitam
1079 3246 1265 3319 mixturam
1279 3265 1349 3344 prae
1371 3241 1404 3317 se
1427 3248 1565 3319 ferebat.
1616 3250 1808 3321 severitatis
1829 3267 1914 3329 erat,

386 3324 547 3443 ww
566 3345 610 3417 ad
626 3343 743 3441 plures
762 3337 894 3414 menses
913 3341 1040 3439 linguae
1057 3366 1091 3415 at
1119 3367 1162 3412 ue
1182 3345 1316 3415 aurium
1338 3339 1399 3414 usu
1418 3340 1480 3414 else
1502 3346 1687 3440 privatum.
1740 3349 1915 3425 Lenirara,

567 3442 665 3538 quod
685 3438 804 3512 eadem
820 3439 881 3511 illa
899 3465 952 3510 res
965 3443 1074 3536 &pro
1093 3368 1188 3536 ligno
1207 3440 1350 3512 dabatur
1360 3440 1403 3510 ad
1424 3438 1623 3512 firmandam
1635 3442 1910 3537 promissionem,

491 3623 493 3630 Α
564 3542 673 3610 &nec
683 3534 831 3632 amplius
842 3535 1014 3617 duratura,
1042 3559 1146 3632 quam
1159 3536 1203 3607 ad
1214 3562 1293 3609 eurn
1306 3533 1414 3633 usque
1425 3536 1529 3619 diem,
1558 3562 1631 3633 quo
1648 3536 1913 3634 promissionum

565 3628 699 3704 visurus
720 3653 790 3703 erat
805 3631 1109 3729 complementum.
1160 3632 1228 3705 Sed
1249 3636 1286 3705 &
1298 3633 1509 3730 praedicanda
1520 3632 1576 3705 hic
1592 3639 1752 3728 Sapientia
1763 3637 1836 3707 Dei
1855 3659 1915 3707 ve·

565 3731 644 3813 nit3
668 3748 746 3799 tum
766 3728 864 3822 quod
877 3731 911 3800 in
924 3722 998 3825 ipso
1019 3726 1202 3799 Sacerdote
1220 3723 1351 3826 fignum
1365 3727 1489 3801 exstare
1500 3728 1670 3812 voluerit,
1699 3732 1835 3829 quippe
1851 3733 1915 3829 qui

567 3850 613 3898 ex
633 3825 738 3896 nimia
755 3823 805 3895 sui
826 3820 928 3921 ipsius
949 3819 1216 3896 consideratione
1231 3828 1274 3896 de
1284 3826 1442 3923 Angelici
1452 3823 1616 3898 sermonis
1630 3830 1837 3900 certitudine
1846 3830 1914 3900 du·

567 3921 857 4006 bitaverat3›tunr
880 3920 977 4017 quod
994 3921 1028 3991 in
1051 3944 1152 4016 poena
1170 3926 1283 3993 exuste
1302 3944 1461 4021 appareat
1486 3925 1636 3996 criminis
1655 3927 1770 4005 ratio,
1801 3949 1915 4022 quum

565 4014 686 4090 surdus
703 4012 876 4099 fanussn,
905 4017 1004 4112 quod
1015 4018 1093 4088 voci
1104 4018 1280 4113 Angelicae
1291 4043 1360 4090 non
1371 4015 1632 4100 auscultaverit,
1661 4043 1793 4102 mutus,
1814 4018 1914 4119 quod

566 4116 598 4186 ei
620 4113 876 4187 contradixerit.
927 4114 1090 4209 Denique
1109 4110 1329 4188 conticescere
1343 4115 1524 4210 paullatim
1545 4119 1699 4213 oportuit
1719 4143 1826 4189 omne
1842 4124 1914 4190 Le·

566 4212 663 4284 vitici
684 4232 861 4306 apparatus
888 4207 1133 4309 choragium,
1162 4211 1260 4308 quod
1287 4207 1448 4283 ominoso
1472 4210 1539 4283 hoc
1563 4215 1754 4286 Sacerdotis
1776 4210 1915 4288 silentio

565 4302 904 4406 praefiguratumest,
931 4330 970 4379 ut
987 4306 1058 4381 sola
1078 4308 1207 4381 Messrae
1228 4308 1382 4381 docentis
1396 4334 1434 4380 ac
1452 4309 1683 4382 benedicentis
1697 4335 1770 4383 vox
1791 4315 1829 4385 in
1850 4316 1915 4387 Ec·

565 4398 662 4482 clesra
681 4402 866 4481 audiretur.
917 4405 1033 4479 Lubet
1045 4402 1102 4483 hic
1118 4408 1256 4484 Lecton
1271 4404 1432 4484 exhibere
1444 4404 1559 4499 Ifidori
1569 4406 1729 4502 Pelustotae
1738 4407 1916 4505 Epistola

1827 4523 1911 4599 257.
