4667 5442
804 529 1406 607 DETRINITATE
1728 555 1795 608 ln

432 718 527 813 quod
541 710 719 794 ediss'eram,
741 713 898 811 quodque
913 716 948 783 in
967 708 1030 783 hac
1044 735 1116 782 mea
1134 715 1358 792 coronatione,
1380 713 1496 809 inqua
1513 717 1597 812 tegit
1609 708 1733 786 Meffiae
1748 734 1801 807 ty·

434 840 517 914 pum
531 839 630 914 gero,
660 811 861 910 aliquatenus
880 808 1073 884 adumbrare
1098 810 1200 884 voluit
1221 815 1395 882 Dominus.
1448 816 1570 907 Neque
1587 817 1674 884 enim
1696 819 1801 886 moris

435 917 483 987 eil
498 907 736 1008 judiciofiffimo
754 914 927 984 Poetarum
942 914 987 980 ita
1001 911 1114 990 ordiri,
1139 933 1175 982 ut
1195 907 1329 1007 scriptor
1345 910 1497 1001 Cyclicus
1512 910 1603 992 olim,
1625 936 1662 983 ac
1679 915 1800 1011 grandi

435 1011 599 1086 cothurno
616 1035 735 1108 magna
749 1008 906 1108 polliceri,
933 1034 1006 1105 quae
1024 1030 1133 1080 tamen
1156 1013 1190 1080 in
1208 1008 1380 1080 ridiculum
1395 1035 1521 1081 murem
1541 1032 1664 1083 exeant.
1716 1016 1803 1084 Sane·

437 1135 595 1208 mgnum
618 1109 742 1207 aliquid
765 1118 799 1182 &
820 1110 1044 1179 admirandum
1068 1132 1180 1179 revera
1206 1113 1260 1207 agi
1278 1108 1435 1190 ostendit,
1467 1109 1546 1180 dum
1565 1113 1610 1182 ita
1633 1107 1802 1209 praefatur.

440 1214 558 1282 Deinde
577 1220 611 1283 δε
629 1208 708 1279 illud
723 1209 769 1278 cst
783 1205 1032 1287 observandum,
1053 1229 1118 1278 tam
1136 1204 1296 1305 fignanter
1311 1206 1365 1278 hit
1384 1207 1505 1306 aliquid
1523 1206 1664 1307 petsouae
1681 1213 1803 1282 adteri-

442 1307 499 1395 bt,
527 1312 567 1380 de
582 1333 647 1404 qua
663 1305 767 1379 sermo
784 1308 848 1392 est,
876 1329 911 1378 ut
932 1310 1056 1377 nemini
1071 1301 1174 1377 limile
1193 1310 1274 1403 quid
1290 1306 1307 1377 i
1326 1307 1423 1381 DEO
1440 1311 1562 1380 ditium
1586 1306 1634 1381 stt.
1687 1310 1802 1381 Fateor
1874 1391 1876 1396 ¹

444 1406 567 1487 fideles,
584 1413 695 1479 Fateor
712 1406 866 1505 Angelos,
893 1412 1002 1477 Fateor
1020 1406 1221 1502 magistratus
1239 1407 1316 1476 DEI
1336 1404 1418 1479 filios
1433 1411 1635 1508 nuncupati,
1653 1430 1740 1506 nego
1757 1429 1807 1482 ta·

444 1533 522 1579 men
540 1530 605 1578 tam
624 1507 810 1578 solemniter
825 1507 979 1602 cuiquam
993 1506 1116 1576 diuum
1132 1502 1206 1591 elle,
1230 1501 1315 1577 filius
1330 1529 1422 1579 orcus
1438 1529 1492 1596 et,
1515 1532 1577 1605 ego
1595 1505 1690 1579 hodie
1705 1509 1809 1606 genui

407 1639 408 1646 ¹
446 1610 510 1687 Te,
534 1610 580 1679 uti
596 1607 632 1676 iti
653 1605 795 1687 factum,
817 1625 971 1703 tanquam
986 1623 1140 1676 aeteruum
1158 1604 1238 1675 DEI
1254 1605 1430 1695 statutum,
1453 1626 1543 1679 tanto
1560 1632 1637 1680 cunt
1651 1628 1808 1706 apparatu

446 1705 503 1778 hic
518 1727 625 1777 narrat
640 1707 760 1777 David.
820 1706 928 1786 Tertio,
953 1707 988 1775 id
1009 1699 1325 1802 quodsubjungitur.
1377 1711 1441 1800 Ego
1458 1708 1635 1797 ronegario
1655 1714 1714 1788 Ἱι,
1736 1705 1810 1779 latia

448 1810 543 1878 docet
563 1810 602 1876 de
619 1831 687 1901 quo
701 1803 768 1875 filio
786 1801 839 1875 hic
855 1800 890 1877 fit
903 1803 1029 1883 sermo,
1047 1798 1117 1875 filio
1132 1799 1252 1874 scilicet
1266 1826 1336 1873 non
1349 1804 1523 1902 adoptivo,
1540 1802 1610 1877 filio
1625 1829 1692 1879 nou
1708 1804 1811 1880 morlo

450 1929 510 2004 pet
524 1928 688 1976 externam
706 1905 869 2000 quandam
886 1904 1206 1992 denominationem
1237 1898 1291 1973 sed
1307 1899 1376 1975 filio
1391 1907 1516 1978 nativo.
1591 1908 1645 1976 De
1660 1929 1728 2004 quo
1742 1928 1809 1977 cer·

452 2026 523 2077 tum
544 2005 589 2075 est
604 2006 693 2102 quod
710 2005 854 2099 ejusdem
874 2000 989 2076 debeat
1007 2002 1068 2073 elle
1083 1998 1222 2100 speciei„
1243 2023 1298 2073 aut
1312 2004 1419 2099 potius
1435 2004 1580 2098 ejusdem
1595 2025 1716 2077 natutae
1743 2000 1816 2096 (ste

452 2108 700 2176 convenientius
715 2101 839 2175 locutus
856 2101 931 2174 ell'et
950 2098 1118 2194 Kimthi)
1154 2123 1229 2173 com
1244 2103 1349 2173 Patre.
1425 2100 1511 2174 lllutl
1522 2106 1662 2202 genui‘te
1679 2101 1815 2177 Christo

451 2211 625 2303 proprium
646 2204 709 2283 est,
734 2208 794 2299 qui
810 2224 980 2300 propterea
995 2203 1181 2297 unigenitus
1203 2199 1260 2271 est.
1308 2203 1389 2274 Non
1405 2198 1515 2276 neseio
1529 2202 1686 2302 quosdam
1702 2228 1741 2274 er
1763 2206 1816 2274 in·

452 2301 659 2400 terpretibus,
683 2306 781 2372 etiam
797 2301 920 2381 nostris,
939 2296 1036 2400 paulo
1051 2298 1143 2374 aliter
1161 2296 1231 2370 haec
1245 2296 1347 2371 verba
1358 2298 1539 2399 explicare,
1560 2305 1628 2375 imo
1642 2305 1741 2375 etiam
1761 2302 1815 2377 D.

454 2399 593 2473 Paulum
613 2403 725 2473 nunt.
742 2419 785 2471 ιιι
798 2424 811 2475 ι
823 2424 852 2475 r·
871 2423 926 2493 33.
959 2405 1203 2498 generationem
1223 2395 1307 2470 ltanc
1332 2401 1372 2471 ad
1394 2397 1661 2476 resurreetionetn
1674 2404 1819 2474 Domini

454 2493 1819 2600 ffiwfflmfflmmwmmfflfflfflmmmmmwffn

456 2595 670 2698 pltrafiologia
688 2594 884 2694 explicatur,
915 2621 1066 2668 aternam
1089 2595 1181 2668 istam
1200 2601 1446 2695 gmeran'onem
1462 2599 1729 2697 presupponunt.
1777 2603 1821 2674 Et

456 2691 622 2794 speciatim
639 2705 673 2768 in
687 2699 782 2770 Aeto
799 2694 885 2770 locus
906 2694 961 2769 liic
976 2692 1200 2768 resurrestioni
1213 2693 1402 2794 applicatur,
1425 2702 1503 2796 quia
1519 2720 1591 2773 tuor
1607 2701 1747 2772 maxime
1760 2723 1821 2797 pa·

458 2794 576 2869 tefam
590 2795 650 2870 fuit
665 2794 723 2869 filii
740 2821 778 2868 ex
790 2797 887 2870 Patre
900 2819 1020 2869 uerna
1035 2800 1197 2869 nativitas.
1247 2793 1373 2868 Confer
1382 2799 1487 2874 Rom.
1508 2822 1538 2871 r.
1553 2823 1589 2896 4.
1621 2800 1740 2899 Quum
1760 2823 1820 2870 au·-

458 2914 525 2969 tem
540 2894 666 2994 aliquid
680 2894 886 2994 declaraturffl
914 2917 992 2970 tunc
1014 2896 1080 2967 dici
1095 2891 1225 2968 solitum
1245 2893 1290 2965 est
1301 2899 1336 2966 in
1352 2895 1546 2996 Scriptutis,
1570 2893 1657 2970 fieti.
1707 2903 1767 2972 Uti
1783 2921 1820 2968 e-

460 2997 567 3067 rudite
584 2996 651 3068 hac
670 2996 808 3090 explicat
821 2998 972 3066 Zanclius
994 2997 1028 3063 de
1041 2993 1109 3064 trib.
1130 2996 1217 3065 Elui.
1233 3015 1285 3078 pe.
1307 2996 1379 3074 milri
1392 3005 1454 3087 48.
1526 2999 1753 3089 Boreaeque
1770 2991 1821 3068 se·

461 3115 607 3187 quuntur
622 3116 706 3162 com.
724 3089 782 3162 ult.
811 3089 1035 3163 osculandum
1051 3087 1112 3160 ess'e
1127 3112 1204 3162 eum
1218 3085 1344 3168 olium,
1366 3093 1578 3164 metuendum
1596 3089 1659 3163 effe
1676 3093 1719 3160 ab
1735 3091 1827 3166 illiue

464 3183 1822 3381 {523⁰ss.P‘f‚‘ill⁰'}.‘.‘?.'²l¹¹.²l}‘tffll‘illillillfflli.iiiiii&

552 3339 564 3371 ὃ
1043 3331 1055 3366 2

468 3395 558 3463 notis
574 3314 740 3461 defelendt
759 3387 853 3457 nudis
875 3388 1039 3459 creaturis.
1096 3383 1180 3456 Haec
1197 3385 1380 3484 argumenti
1404 3385 1503 3458 nostri
1527 3315 1649 3459 sumlln
1671 3389 1740 3460 elit
1774 3411 1826 3464 at·

470 3513 536 3585 que
550 3486 612 3560 lroc
626 3485 694 3561 fere
706 3487 804 3560 modo
819 3484 1068 3584 proponendum
1086 3479 1528 3586 aKimclriofiretattnifiipfi
1537 3483 1595 3560 fibi
1611 3487 1750 3561 monllra
1763 3485 1828 3561 fiir·

469 3613 549 3687 gere
560 3587 668 3668 vellet,
692 3612 764 3686 quae
780 3589 932 3686 deincepe
948 3582 1135 3657 debellaret.
1449 3611 1459 3629 ·

571 3687 762 3762 XXXVII.
805 3686 980 3758 Vrdeamtu
1000 3705 1197 3780 cutemque
1216 3685 1366 3782 excipiat.
1420 3687 1588 3760 Summam
1606 3684 1717 3762 dabat
1748 3711 1829 3764 uam

472 3791 582 3862 omnia
601 3785 701 3859 uerba
714 3781 898 3884 adscribere
924 3781 1085 3883 prolicum
1108 3785 1211 3856 nimio
1226 3779 1319 3858 foret.
1404 3786 1518 3881 Negat
1537 3787 1714 3860 Divinitati
1725 3792 1830 3864 Pattie
1921 3853 1935 3866 .

473 3905 530 3958 aut
550 3887 610 3959 filii
633 3911 752 3958 nomen
779 3889 964 3959 convenite.
1045 3885 1095 3958 At
1116 3881 1209 3956 aliter
1242 3879 1399 3956 intellexit
1432 3885 1529 3982 Agur
1562 3886 1662 3960 Pror.
1678 3909 1766 3961 xxx.
1779 3912 1828 3984 4.

451 4015 460 4034 ·
476 3989 639 4087 Qudnam
657 3983 701 4077 est
719 4009 823 4057 nmen
840 3985 923 4079 ejus.
952 3985 991 4061 ὰ
1011 4005 1113 4055 nemer
1129 3981 1191 4073 filii
1209 3985 1285 4055 ilites
1296 3983 1335 4076 fi
1344 3983 1444 4076 troii?
1473 3989 1513 4056 Et
1528 3986 1563 4053 in
1584 3985 1712 4077 Qum
1733 3991 1829 4059 Solae

477 4084 673 4158 Cabbalistae
693 4087 735 4157 de
748 4083 847 4157 ΠΕΟ
866 4083 1047 4181 loquentes,
1063 4081 1244 4199 aliquoties,
1269 4085 1400 4156 Patrem
1413 4089 1448 4158 δι
1466 4079 1570 4158 filium
1665 4107 1774 4168 untur,
1792 4105 1831 4158 ut

479 4188 583 4256 rideri
600 4185 702 4284 potest
724 4188 759 4255 in
776 4185 909 4280 Rirrarg.
925 4188 1031 4274 Sepber
1049 4190 1164 4256 larana
1175 4203 1209 4277 p.
1230 4203 1290 4276 59.
1355 4183 1456 4296 Qud
1475 4178 1586 4280 quose
1625 4181 1736 4264 ufrat,
1759 4182 1832 4256 altit

477 4287 735 4382 investigandum
751 4279 915 4386 relinquo.
965 4281 1040 4384 Ego
1051 4277 1153 4354 fateor
1173 4307 1226 4354 me
1242 4308 1310 4356 non
1324 4283 1410 4381 pelle
1424 4287 1620 4381 perciperet
1650 4306 1717 4358 tam
1738 4287 1833 4356 intri-

478 4385 547 4459 cate
567 4379 848 4488 philosophantur.
918 4381 1032 4483 Negat
1049 4378 1367 4481 pratererKirtrelti,
1388 4379 1608 4461 Divinitatem
1628 4379 1692 4462 ulla
1706 4386 1834 4556 rapiopie

1181 4553 1184 4560 .
1755 4505 1787 4555 Vl
1815 4528 1835 4572 2
