4667 5442
632 493 983 591 Hieroni
1045 478 1622 592 Hierosorrum'
1690 517 1780 622 193
1902 620 1905 624 Ι

428 662 523 738 uuus
547 657 705 761 polleres,
729 657 840 758 quibus
860 661 1017 737 Dominus
1038 681 1160 734 terram
1178 660 1264 734 illam
1278 675 1341 755 per
1350 658 1494 756 spiritur
1508 658 1642 738 Noachi
1649 660 1784 757 prophe-

434 764 540 833 ¹ticum
559 761 785 854 affignaverat,
805 760 873 831 διε.
1691 753 1699 767 ’

540 861 602 927 Vl.
631 860 807 927 Caeterum
830 857 866 925 in
885 853 1021 927 erudito
1043 849 1110 925 hoc
1129 846 1279 926 discursu
1306 852 1415 928 multa
1434 856 1583 951 ingentia
1599 854 1779 954 postulata,
1789 874 1841 935 v1.
1864 869 1931 932 No·

438 973 481 1024 ut
494 945 644 1025 concessa
665 947 753 1030 fibi,
780 946 885 1023 sumit
899 953 953 1024 vir
975 950 1125 1032 doctus,
1152 950 1196 1022 ab
1220 951 1366 1047 ingeniis
1385 951 1506 1048 paullo
1529 952 1780 1026 difficilioribus
1789 951 1897 1041 viduus
1947 1039 1951 1044 ,

439 1050 503 1122 vix
521 1046 762 1145 impetrabilia.
814 1051 943 1118 Eorum
960 1046 1112 1144 primum
1132 1045 1200 1128 est,
1229 1046 1500 1125 Melcbizedecum
1519 1048 1666 1123 eundem
1684 1023 1931 1122 suissesnb‘b'l‘·

440 1169 522 1218 cum
541 1152 630 1218 Semo
651 1172 663 1216 .·
700 1144 758 1214 cui
784 1138 956 1216 sententiae
977 1164 1015 1214 ut
1035 1138 1267 1223 subscribam,
1301 1144 1422 1216 multis
1448 1144 1565 1217 caussis
1585 1145 1781 1242 impedior,

438 1264 528 1337 quas
543 1239 692 1313 breviter
704 1260 809 1336 atque
821 1239 992 1336 eleganter
1003 1232 1181 1313 exsecutus
1195 1239 1343 1312 calvinus
1354 1240 1410 1314 est.
1463 1247 1590 1338 Neque
1601 1244 1692 1314 enim
1705 1248 1783 1312 Do-

437 1338 556 1410 minus
573 1339 714 1416 virum,
741 1354 865 1407 aetema
896 1335 1065 1407 memoria
1095 1334 1271 1433 dignum,
1300 1360 1392 1407 novo
1420 1356 1553 1408 tantum
1579 1332 1782 1411 &obscuro

438 1436 581 1506 nomine
599 1425 801 1512 indicasset,
841 1452 880 1502 ut
903 1452 1055 1503 maneret
1077 1432 1230 1527 ignotus.
1282 1433 1418 1503 Deinde
1438 1431 1617 1528 probabile
1646 1458 1716 1505 non
1736 1431 1784 1507 est

440 1553 488 1601 ex
506 1532 635 1604 Oriente
653 1530 703 1601 mi
729 1521 808 1600 rasse
828 1527 862 1597 in
880 1532 1028 1622 judeam
1046 1554 1056 1599 :
1081 1529 1118 1598 δι
1130 1551 1174 1600 ex
1185 1522 1285 1599 Mose
1299 1526 1385 1600 nibil
1400 1530 1467 1601 tale
1490 1528 1679 1628 colligitur.
1695 1536 1784 1602 Ter·

441 1626 516 1708 tio,
544 1621 568 1698 sr
586 1552 845 1698 habitaietSem
861 1623 897 1694 in
913 1632 1167 1702 terracmam,
1192 1626 1323 1696 nonita
1342 1622 1499 1697 flexuosis
1511 1625 1713 1724 ambagibus
1723 1650 1787 1698 va·

442 1742 546 1817 gatus
567 1717 646 1793 ellet
665 1722 834 1800 Abraam,
862 1743 905 1792 ut
922 1719 1061 1792 antehac
1077 1720 1196 1791 retulit
1220 1717 1337 1793 Moses
1359 1767 1370 1804 ,
1398 1722 1510 1793 donec
1526 1717 1624 1795 suum
1644 1746 1785 1797 atavum

442 1812 624 1893 salutasset.
673 1817 865 1891 Plurimum
886 1841 969 1888 vero
989 1815 1152 1914 ponderis
1173 1813 1306 1897 habet,
1334 1817 1432 1914 quod
1450 1818 1615 1891 admonet
1635 1819 1786 1917 Aposto-

442 1917 528 1996 lus,
556 1911 645 1986 hunc
671 1910 937 1996 Melchizedec,
972 1913 1134 2009 quisquis
1159 1909 1295 1995 fuerit,
1323 1913 1424 1985 nobis
1448 1909 1515 1986 srne
1536 1914 1609 1989 ulla
1627 1918 1782 2015 origine,

443 2008 540 2110 quast
553 2034 571 2082 e
584 2008 734 2082 nubibus
754 2004 911 2105 delapsus
930 2004 1031 2091 esset,
1059 2009 1096 2081 in
1117 2007 1272 2080 medium
1289 2009 1452 2107 proferri,
1475 2012 1512 2083 8(
1524 2007 1590 2083 stne
1608 2016 1786 2085 mentione

445 2107 519 2181 ulla
538 2107 659 2179 mortis
680 2101 816 2204 sepeliri
834 2108 906 2196 ejus
928 2130 1069 2181 nomen.
1120 2113 1159 2177 ln
1179 2104 1319 2178 bomine
1332 2127 1446 2178 autem
1459 2108 1582 2204 ignoto
1595 2109 1717 2192 clarius
1729 2133 1785 2180 re·

446 2204 558 2301 fulget
575 2196 717 2275 mirifica
735 2206 804 2275 Dei
825 2203 953 2301 gratia,
982 2202 1082 2299 quod
1101 2204 1189 2273 inter
1206 2201 1328 2274 mundi
1339 2204 1546 2300 corruptelas
1563 2201 1656 2278 solus
1670 2206 1704 2275 in
1716 2227 1786 2276 ter·

444 2325 482 2375 ra
504 2300 565 2372 illa
585 2301 716 2396 integer
734 2323 772 2370 ac
797 2294 941 2371 sincerus
970 2297 1072 2371 suerit
1098 2298 1236 2396 pietatis
1259 2298 1372 2372 cultor
1400 2304 1438 2373 δι
1472 2298 1594 2374 custos.
1647 2299 1787 2387 Quibus
1882 2394 1883 2397 Ἴ

443 2396 607 2472 omnibus
619 2395 734 2478 adde,
762 2395 861 2493 quod
879 2401 958 2469 Sem
971 2394 1073 2468 suerit
1085 2419 1131 2467 ex
1144 2394 1286 2466 Abrami
1301 2398 1511 2488 majoribus,
1537 2396 1688 2496 ideoque
1699 2398 1790 2471 inter

443 2494 644 2570 Levitarum
659 2494 909 2590 progenitores.
958 2490 1064 2568 Unde
1081 2516 1151 2564 non
1170 2485 1278 2589 pollet
1294 2492 1472 2575 concludi,
1504 2495 1643 2587 majoris
1656 2491 1789 2566 ordinis

444 2593 482 2665 in
502 2615 545 2661 eo
568 2585 793 2661 sacerdotium
808 2583 901 2661 suille
917 2634 929 2669 ,
957 2614 1002 2661 ex
1014 2613 1056 2660 eo
1069 2587 1167 2683 quod
1180 2587 1308 2660 Abram
1322 2589 1351 2660 ei
1364 2589 1513 2662 decimas
1525 2589 1676 2663 dederit:
1704 2590 1788 2685 quia

447 2686 599 2759 decimas
619 2681 760 2757 dedisset
778 2684 853 2766 illi,
882 2686 944 2784 qui
959 2685 1041 2758 ideo
1063 2685 1203 2773 major,
1231 2684 1329 2780 quod
1347 2688 1570 2783 progenitor:
1598 2688 1635 2759 8(
1652 2711 1696 2758 ex
1711 2709 1786 2782 quo

443 2786 577 2859 Levitae
589 2780 715 2853 babent
732 2783 924 2880 originem,
952 2776 1245 2880 &successionem
1296 2786 1390 2854 Nam
1410 2781 1789 2856 sacerdotiumPatriat·

405 2898 407 2904 ·
446 2879 585 2956 charum
604 2879 639 2951 in
657 2879 797 2967 Levitae
818 2877 1011 2952 derivatum
1029 2877 1095 2959 est,
1124 2879 1205 2975 quia
1217 2877 1417 2954 Patriarchis
1428 2873 1667 2953 successerunt:
1695 2876 1791 2951 Mel·

447 2976 608 3052 chiacdec
628 2977 745 3074 itaque
765 3002 835 3049 non
856 2975 903 3050 est
922 2982 1014 3049 Sem.
1067 2978 1163 3047 Tum
1181 2977 1218 3047 δι
1239 2972 1306 3046 hoc
1319 2975 1434 3050 frustra
1443 2973 1577 3049 sumere
1591 2976 1726 3048 videtur
1736 2977 1790 3049 vit

447 3072 688 3147 eruditissimus
705 3120 715 3155 ,
744 3073 843 3170 quod
856 3078 979 3146 Semus
998 3101 1018 3146 a
1036 3070 1186 3145 Noacho
1207 3066 1365 3170 srngulari
1384 3076 1513 3147 ratione
1536 3074 1698 3145 dominus
1721 3094 1791 3145 ter·

447 3195 495 3252 1ae
512 3174 651 3241 Canaan
670 3171 705 3242 in
727 3164 784 3241 sua
800 3165 942 3268 persona
961 3167 1163 3241 constitutus
1178 3162 1229 3240 srt.
1280 3171 1409 3241 Divina
1432 3169 1649 3267 providentia
1668 3168 1790 3240 diribi-

448 3268 533 3339 tricc
552 3265 656 3336 aliam
677 3262 812 3362 prorsus
832 3288 995 3336 terrarum
1010 3264 1285 3334 distributionem
1303 3264 1390 3335 inter
1406 3262 1541 3337 Noachi
1559 3261 1649 3335 lilios
1668 3263 1789 3337 fastam

449 3357 542 3442 esse,
570 3359 672 3432 docet
691 3356 807 3433 Moses
825 3365 915 3431 Gen.
933 3385 969 3431 x.
1009 3360 1102 3430 Semi
1123 3359 1215 3428 enim
1236 3353 1374 3429 soboles
1400 3382 1491 3431 trans
1512 3357 1719 3454 Euphratem
1738 3353 1791 3429 se·

447 3459 510 3531 des
527 3453 602 3528 suas
621 3455 763 3537 habuit,
789 3458 825 3527 in
837 3454 1041 3553 Elymaide,
1069 3447 1223 3563 Assyria,
1251 3453 1536 3549 Arrapachitide,
1564 3453 1698 3550 Lydia,
1725 3459 1793 3568 Sp·
1925 3533 1929 3540 ,

446 3558 520 3636 ria,
548 3557 585 3626 δι
601 3554 725 3628 vicinis
736 3553 1051 3719 remotioribuscppe
1065 3548 1277 3648 regionibus.
1329 3552 1421 3637 Quia
1434 3556 1514 3623 Sem
1533 3550 1667 3646 Syriam
1706 3547 1791 3625 otis·

451 3648 574 3727 fimum
592 3648 815 3731 inhabitavit,
844 3674 883 3722 ea
894 3649 998 3722 Arabi
1024 3672 1064 3720 us
1077 3646 1202 3719 dicitur
1211 3657 1358 3729 mrem.
1386 3647 1477 3721 Vide
1487 3650 1526 3719 de
1539 3648 1661 3720 Dieua
1695 3652 1790 3724 Gen.-

450 3772 571 3826 11:22.
622 3750 677 3819 Ex
696 3751 856 3818 Canaane
874 3768 989 3818 autem
1011 3746 1096 3818 ortis
1114 3742 1297 3840 gentibus,
1326 3769 1364 3815 ea
1385 3769 1462 3842 pars
1480 3742 1574 3816 orbis
1592 3746 1738 3842 contigit
1752 3747 1804 3821 in,

446 3870 525 3943 ¹qua
541 3866 622 3919 tunc
644 3842 832 3916 divertebat
853 3843 1035 3916 Abramus.
1086 3837 1229 3937 Ipsaque
1250 3842 1355 3914 Salem
1378 3844 1413 3913 in
1436 3842 1596 3939 portione
1616 3837 1824 3941 Jebusaeoa.
1939 3913 1942 3918 ⁴
2053 3884 2055 3887 >

454 3966 532 4017 rum
545 3962 634 4021 erat,
662 3964 682 4010 a
699 3936 864 4036 Jebusaeis
886 3942 990 4011 etiam
1004 3934 1167 4009 habitata.
1219 3937 1315 4023 Quid
1326 3938 1374 4014 ibi
1393 3938 1524 4037 negotii
1545 3942 1649 4010 Semo
1668 3935 1792 4022 suisset,

455 4060 519 4119 ut,
544 4039 660 4111 relidia
677 4032 734 4109 sua
750 4035 966 4116 haereditate,
992 4031 1265 4130 posthabitisque
1282 4030 1363 4105 filiis
1372 4059 1410 4106 ac
1427 4033 1636 4133 nepotibus,
1664 4036 1699 4107 in
1718 4060 1794 4108 me·

453 4134 522 4206 diis
545 4133 725 4211 Cananaeis
752 4133 916 4229 degeret;
941 4128 1097 4227 oppidi,
1123 4123 1148 4199 sr
1172 4130 1251 4211 uis,
1278 4129 1380 4202 unius
1399 4153 1491 4204 rex:
1518 4130 1660 4229 quando
1679 4131 1793 4206 multo

455 4231 587 4321 majore
597 4255 676 4303 cum
693 4231 891 4301 auctoritate
907 4253 946 4299 ac
961 4223 1141 4324 splendore
1152 4224 1246 4321 apud
1255 4220 1334 4297 suos
1348 4228 1464 4300 vivere
1475 4222 1636 4323 potuisset
1650 4225 1663 4298 3
1690 4232 1797 4302 Man·
1823 4300 1825 4304 ,

453 4326 575 4399 datum
594 4330 697 4399 etiam
725 4326 878 4399 Abramo
903 4324 1028 4396 factum
1052 4320 1100 4394 mi
1143 4319 1224 4393 andi
1242 4345 1287 4394 ex
1305 4324 1509 4422 cognatione
1524 4318 1584 4397 sua
1612 4324 1793 4397 interram

454 4422 718 4598 peregpinamI}
754 4419 833 4498 satis
868 4418 1016 4531 ostendit
1039 4342 1173 4495 rubim
1202 4412 1317 4588 {psalm
1350 4421 1593 4525 cognationem
1619 4414 1796 4586 hebuiilse,

583 4542 644 4596 vm·
709 4569 720 4594 ο
1416 4545 1421 4552 ’
1663 4538 1708 4596 ne
1734 4537 1796 4592 um
