4667 5442
574 510 1069 627 lqusatrr
1130 511 1218 608 vt
1274 512 1532 623 Venal-
1688 525 1722 639 5

371 668 555 754 sancirentr
576 678 651 769 eius
665 675 891 754 ministerium
915 676 1008 776 apud
1036 676 1189 776 ludaeos.
1240 680 1342 753 ndeo
1363 701 1468 753 nemo
1489 673 1535 753 est
1555 673 1721 752 tantahe·

369 777 459 849 ro'r'ci
481 777 588 850 animi
603 775 805 851 fortitudine
818 775 1006 873 praeditus.
1032 798 1141 875 quem
1155 801 1226 850 non
1240 776 1439 852 ferocientis
1459 776 1582 876 populi
1602 778 1719 873 pervi-

371 869 617 948 caciallatione
631 873 677 947 ali
704 867 892 945 uandosua
905 871 1054 962 dejiciat.
1105 868 1171 971 lpsr
1188 873 1261 957 illi,
1288 898 1379 971 quos
1388 899 1481 971 equos
1494 877 1626 950 Divina
1640 876 1718 948 Ma·

365 966 537 1063 jestattiin
552 970 664 1067 prelio
678 897 830 1051 dixeris,
858 968 1043 1043 calcaribus
1056 965 1245 1081 aliquando
1258 972 1295 1044 &
1335 970 1604 1070 alpoindigent.·
1643 966 1721 1043 Est-

399 1088 443 1136 ue
463 1061 536 1139 haec
556 1066 843 1166 indulgentissrmi
864 1066 1010 1138 Domini
1028 1062 1131 1139 nostn
1158 996 1547 1166 clemensebenignitas,
1574 1087 1614 1139 ut
1635 1063 1718 1139 fati·
1847 1119 1855 1130 .
1902 1111 1911 1129 .

372 1088 505 1236 scentes
518 1156 656 1236 suorum
669 1163 805 1238 animos
823 1156 943 1259 insigni
965 1162 1087 1259 gloriae
1103 1155 1172 1234 suae
1190 1160 1462 1237 manifestatione
1478 1165 1602 1264 erigat,
1619 1162 1714 1238 Gen.

348 1275 609 1336 'xxvtrrera
634 1282 784 1354 mn:
809 1281 840 1332 1.
867 1258 1157 1337 Exodxxxrrr:
1183 1265 1326 1352 18,19.
1352 1279 1552 1354 κκκινις.
1587 1254 1715 1362 Josve

376 1376 434 1449 13.
460 1354 586 1429 Ezeelr.
604 1378 642 1429 r:
662 1379 693 1429 ι.
720 1360 865 1429 Damx:
883 1375 916 1440 ς.

470 1457 516 1528 V.
544 1458 687 1528 ANNO
712 1454 822 1540 QUO
848 1451 1096 1529 MORTUUS
1119 1454 1210 1527 EST
1232 1453 1335 1526 REX
1358 1451 1551 1534 USSIA8‚
1578 1451 1873 1553 appari-v.rmpsoe

370 1550 505 1623 tionem
527 1546 615 1622 hane
635 1544 839 1622 sibi‘faetam
858 1540 949 1628 elle,
988 1547 1158 1646 Propheta
1189 1552 1381 1633 annotavit.
1431 1549 1506 1628 Ubi
1524 1548 1849 1648 generatimvissrm

370 1640 1601 1841 reprehenderetis?‘esurierunt
1614 1640 1867 1818 neellel*
1921 1668 1923 1672 ’

949 1800 957 1811 .
1126 1788 1137 1822 ,
1875 1814 1887 1837 .

372 1840 411 1910 in
424 1834 534 1911 secula
555 1836 681 1910 chartis
704 1836 1033 1912 commendaverint.
1083 1840 1154 1912 Hic
1177 1864 1290 1913 armum
1306 1836 1518 1941 designatum
1537 1790 1875 1915 videmuamm
1928 1857 1930 1863 ’

372 1934 694 2024 Alibi&mensem.
718 1931 1080 2011 &dinn.Ezeeh.1t
1115 1958 1146 2009 ι.
1182 1940 1529 2033 Hag.1:r.&rr:
1559 1960 1589 2012 r.
1641 1936 1713 2020 Est,

371 2031 565 2104 ubi&diei
583 2033 706 2124 horon,
720 2035 811 2106 Dan.
837 2053 902 2107 rx:
920 2052 979 2104 21.
1007 2037 1136 2108 nux:
1164 2054 1257 2127 3·9.
1309 2037 1488 2109 Nimirum
1511 2041 1713 2109 amatneue

371 2125 526 2221 ἆῑξῖβιιαν
541 2124 717 2201 servorum
736 2123 898 2210 suorum,
924 2149 964 2198 ut
975 2127 1021 2199 ad
1038 2129 1179 2211 omnia,
1207 2133 1311 2204 etiam
1331 2130 1594 2206 circumstantias
1612 2133 1715 2204 Divi·

370 2250 533 2301 norumo
560 2248 657 2297 erum
675 2223 876 2312 attendant3
901 2227 1191 2324 meminerintque
1212 2250 1284 2300 non
1310 2223 1424 2301 solum
1441 2232 1517 2327 quid
1533 2223 1598 2300 srbi
1624 2231 1715 2301 aeci·

368 2323 483 2405 derit,
527 2321 570 2394 ed
592 2324 631 2393 dc
649 2326 820 2420 quomodo,
849 2324 887 2394 &
904 2326 1035 2419 qundo.
1084 2324 1307 2397 {nomnibus
1328 2319 1406 2397 sane
1429 2324 1625 2400 mirabilem
1643 2319 1713 2398 sese

368 2421 500 2493 Divina
511 2416 645 2517 praestat
657 2418 898 2501 Providentia,
922 2423 1027 2493 etiam
1037 2421 1072 2492 in
1082 2442 1280 2518 temporum
1291 2417 1598 2521 oceasronumque‚
1620 2441 1714 2521 ’quae
1741 2484 1744 2488 ⁴

368 2511 442 2615 ipsa
454 2518 600 2598 format,
626 2511 762 2591 selectu.
811 2518 902 2588 Rem
913 2540 1091 2615 quamque
1100 2518 1255 2614 pulcram
1274 2517 1354 2612 facit
1366 2514 1427 2591 suo
1438 2540 1606 2616 tempore,
1618 2518 1714 2594 Eccl·

376 2635 465 2688 rut
485 2635 542 2689 ιι.
594 2615 680 2686 Haec
697 2614 802 2711 igitur
821 2635 945 2709 magna
961 2609 1135 2711 sapientiae
1153 2612 1320 2703 justorum
1337 2640 1415 2713 pars
1433 2613 1502 2698 est,
1528 2637 1568 2688 ut
1586 2618 1622 2689 in
1643 2608 1714 2713 ipsa

371 2734 517 2808 quoque
532 2731 604 2783 tem
631 2735 731 2783 orum
748 2707 997 2805 dispensatione
1019 2710 1182 2783 Divinam
1199 2727 1337 2784 cernant
1355 2710 1566 2809 laudentque
1578 2709 1715 2810 sapien·

367 2810 467 2882 tiam.
519 2809 569 2879 Ea
587 2732 628 2879 ld
639 2806 852 2907 quandoque
873 2808 936 2881 rire
954 2807 1210 2880 attendentibus
1225 2807 1398 2906 patefacit.
1448 2813 1714 2908 Nonnunquam
1858 2865 1860 2870 .

368 2905 482 3005 magis
501 2905 536 2976 in
554 2903 675 2977 abdito
692 2902 788 2976 latet.
837 2910 979 3003 Semper
990 2925 1105 2976 tamen
1129 2900 1191 2978 srbi
1203 2900 1350 2989 srmilis,
1376 2928 1458 2989 aut,
1485 2907 1626 2989 verius,
1654 2929 1714 2979 ea·

370 3000 454 3074 dem
470 2998 529 3077 est.
579 3002 679 3079 Utile
708 2996 809 3074 stmul
831 3016 935 3101 atque
953 3000 1144 3097 jucundum
1161 3000 1229 3085 est,
1257 3001 1319 3074 ubi
1336 3027 1412 3076 eam
1432 3027 1567 3077 eernere
1588 3001 1711 3077 doturt
1740 3078 1742 3082 ,

370 3095 680 3212 &deprehendere
700 3099 783 3172 lieet
796 3100 1037 3171 Divinarumo
1063 3102 1257 3174 orationum
1271 3124 1427 3183 nexum,
1454 3101 1491 3172 ὃ(
1509 3101 1714 3173 concinnam
1757 3152 1769 3175 e

366 3194 655 3272 velutrcatenam.
707 3200 825 3286 Quam
837 3195 956 3292 pulcra
972 3196 1018 3266 ob
1035 3199 1166 3269 ervatio
1188 3194 1259 3277 est,
1298 3221 1337 3269 ea
1359 3197 1431 3269 diei
1451 3217 1548 3294 parte
1566 3195 1715 3268 Gabrie-

367 3293 441 3366 lem
461 3293 602 3367 Danieli
618 3292 809 3365 revelatum
823 3286 946 3362 venisse
970 3294 1101 3362 Melitae
1121 3312 1293 3373 mortem,
1322 3294 1488 3364 nimirum
1504 3307 1644 3387 tempore
1658 3289 1715 3378 sa·

367 3384 480 3477 crificii
495 3389 683 3484 vespertini,
708 3410 781 3484 quo
793 3388 831 3457 &
843 3382 913 3481 ipse
925 3387 1051 3456 Daniel
1067 3388 1218 3457 intentus
1229 3409 1301 3457 erat
1316 3388 1465 3458 orationi
1481 3432 1493 3469 ‚
1521 3390 1559 3458 δε
1576 3384 1715 3459 Mellias

367 3485 416 3560 ad
430 3506 651 3584 peccatorum
667 3484 929 3581 expiationem,
955 3503 1090 3554 aeremae
1117 3505 1160 3551 ue
1172 3479 1307 3571 justitiae
1316 3482 1578 3566 adductionem,
1606 3482 1716 3556 mori·

366 3606 495 3664 turus,
527 3585 619 3654 Dan.
648 3602 717 3654 rx:
738 3602 809 3661 20,
831 3601 891 3652 21.
941 3585 995 3652 Ita
1017 3507 1204 3651 laedatur
1228 3575 1356 3652 Daniel
1376 3580 1488 3653 oranti
1510 3574 1544 3652 se
1569 3583 1712 3662 Deum,
1804 3639 1807 3641 .

367 3682 473 3753 etiam
486 3679 697 3775 inopinato,
726 3674 960 3750 manifestare:
987 3677 1026 3748 &
1038 3673 1207 3749 docemur
1223 3699 1311 3755 nos,
1332 3693 1384 3748 'ex
1403 3697 1545 3749 eventus
1559 3698 1639 3748 cum
1651 3698 1713 3747 va·

367 3778 489 3851 ticinio
502 3772 691 3856 conflictu,
720 3772 840 3846 eadem
859 3773 929 3845 diei
942 3770 1027 3845 hora
1041 3774 1308 3871 praenuntiatam
1328 3767 1392 3843 else
1405 3793 1554 3845 mortem
1570 3769 1711 3854 christi,

367 3880 441 3973 qua
462 3872 620 3968 contigit.
670 3872 778 3943 Tanti
790 3867 859 3953 est,
887 3870 1069 3942 Danielem
1090 3869 1129 3942 id
1148 3893 1228 3942 cum
1246 3892 1345 3952 eura,
1372 3892 1443 3941 non
1467 3864 1581 3941 solum
1589 3893 1660 4037 pro
1676 3862 1713 3941 se

366 3966 443 4070 ipso
455 3962 671 4051 observasse,
699 3963 758 4040 sed
772 3970 811 4041 ὃ(
825 3965 926 4041 nobis
949 3965 1073 4065 scripto
1085 3958 1268 4137 reliquisse.
1322 3969 1401 4037 Hoc
1419 3964 1573 4065 exempli
1614 3986 1714 4041 unta·

366 4089 430 4144 xat
447 4060 696 4140 cauffadietum
711 4062 811 4138 ello:
836 4064 1016 4163 prolixum
1035 4066 1128 4137 enim
1163 4085 1238 4138 oret
1254 4066 1304 4137 ire
1321 4087 1383 4161 per
1399 4058 1543 4162 singula.
1596 4066 1714 4135 Caete·
1862 4072 1866 4079 '

366 4190 447 4240 rum
465 4160 527 4234 ubi
547 4167 595 4234 eal
604 4163 673 4235 Dei
684 4158 848 4260 sapientia
862 4162 1107 4259 intemporum
1119 4157 1367 4261 dispensatione
1386 4185 1456 4234 non
1476 4183 1576 4259 aeque
1585 4158 1712 4259 liquet,

370 4260 463 4334 credi
478 4280 594 4332 tamen
616 4283 692 4332 eam
712 4279 872 4358 oportet,
900 4261 938 4332 &
960 4258 1020 4332 vel
1036 4257 1079 4331 ab
1098 4256 1337 4360 ignorantibus
1362 4256 1508 4333 laudari.
1560 4258 1652 4358 Qu
1670 4252 1714 4341 erl
1764 4352 1766 4356 y
1857 4319 1861 4327 .

366 4356 519 4531 {piem
542 4354 686 4447 obsonet
708 4358 800 4443 hac,
831 4360 877 4435 el*
898 4360 1052 4435 edoma
1078 4360 1217 4434 mimum
1237 4360 1279 4434 ad
1305 4355 1534 4451 msericordias
1558 4358 1713 4453 petowe,

415 4474 620 4552 e'CVss'e430
1087 4539 1090 4543 ,
1326 4471 1375 4544 ,⁴¹
1466 4508 1472 4516 ·
1667 4506 1707 4541 ,·
1761 4470 1765 4482 ’

1072 4558 1152 4647 Δς
1584 4554 1649 4632 vl.
1666 4550 1717 4628 At
1781 4604 1789 4625 ,
