4667 5442
650 483 743 593 392
889 406 1620 557 Exercitatio·
1677 457 1786 556 XV.

468 645 561 723 aqut
574 645 630 704 dtu
646 630 741 702 idem
773 629 810 701 δι
841 627 1042 715 nominasti,
1083 625 1127 698 ab
1163 624 1287 698 eodem
1319 650 1454 708 more,
1499 624 1675 697 dicebatur
1717 615 1750 698 ε’
1778 623 1823 698 de
1864 623 2000 725 quibua

471 721 583 820 infimi·
598 728 642 815 θ’·
649 722 908 799 solennitatibus
930 723 1061 797 erudite
1075 722 1186 795 multa
1202 718 1464 795 observaverunt
1483 722 1608 811 Iliacus
1619 719 1815 810 Casaabonus
1829 729 1872 796 ad
1889 730 2001 818 Satyr-

464 800 561 938 &aaa
572 802 642 893 ’2¹¹⁰'
656 847 708 897 rr.
732 819 844 911 Persi.
862 822 1014 911 -Sraclciua
1022 824 1138 918 Antsq.
1150 823 1283 893 cinara.
1295 817 1350 891 lib.
1368 844 1397 892 i.
1413 839 1481 915 cap.
1501 844 1585 892 xvi.
1608 820 1645 890 &
1666 824 1838 913 Dougraus
1857 824 1894 891 in
1910 828 2003 895 Ana·

474 897 644 1027 45⁸⁸}ss
653 918 738 994 lena
756 919 857 990 Sacra
867 926 962 992 Part.
980 941 1035 991 rr.
1058 915 1190 1006 Excurfi
1204 942 1292 990 xxx.
1329 916 1462 989 Similia
1482 940 1500 986 a
1520 914 1651 1015 Judaeis
1665 913 1809 988 saltitata
1830 915 1911 1012 post
1929 916 2003 988 Eli·

463 1013 774 1112 ‚ennip1ra-sabetae
797 1037 933 1112 partum
955 1019 1066 1090 Lucas
1083 1034 1264 1087 memorat.
1315 1017 1407 1087 Mox
1426 1014 1517 1085 enim
1533 1012 1564 1082 ei
1583 1013 1792 1108 gratulatum
1805 1038 1936 1086 venere
1947 1036 2005 1084 ac·

475 1126 535 1165 Μ
549 1109 739 1202 ex'rfucolae
759 1114 979 1210 &cognatir
1014 1114 1134 1184 oslavo
1167 1132 1283 1183 autem
1316 1109 1372 1181 die
1400 1109 1573 1181 redierunt
1600 1105 1644 1177 ad
1678 1109 2002 1182 circumcidendum

476 1198 699 1284 “''s⁰·”‘'·''ex
718 1211 795 1308 lege
818 1207 1013 1302 puerulum.
1063 1206 1268 1302 Eodemque
1285 1229 1440 1302 tempore
1462 1204 1505 1275 de
1532 1204 1743 1300 imponendo
1766 1200 1828 1302 ipsi
1857 1208 2004 1277 nornine

475 1260 766 1413 &mallum
788 1306 846 1378 est.
895 1303 1006 1375 Nullo
1027 1302 1172 1399 quidem
1189 1305 1319 1374 Divino
1335 1297 1420 1391 jussu
1439 1296 1645 1376 circumcisio
1667 1296 1888 1397 nominisque
1907 1301 2006 1372 datio

477 1406 767 1496 ustmnujunua
785 1401 949 1485 suerunt,
975 1420 1124 1472 attamen
1136 1424 1233 1472 more
1253 1398 1290 1471 id
1310 1398 1473 1471 obtinuit.
1526 1402 1642 1487 Quam
1659 1400 1830 1495 antiquo,
1856 1402 1898 1469 &
1913 1397 2005 1469 unde

480 1489 602 1558 ΨΜ·
655 1502 790 1600 petito,
818 1491 991 1593 disputant
1011 1493 1149 1569 eruditi.
1208 1499 1362 1575 Grotius,
1380 1493 1457 1593 post
1486 1493 1595 1574 alios,
1623 1494 1749 1568 arcessit
1773 1495 1816 1566 ab
1834 1491 2006 1590 exemplo

656 1590 844 1671 Abrahami
864 1596 956 1666 Gen.
973 1615 1058 1665 xxi:
1075 1613 1116 1683 3,
1139 1612 1178 1685 4.
1192 1600 1374 1688 »Spencerur
1392 1595 1429 1663 ue
1444 1597 1521 1683 Leg.
1534 1585 1638 1663 Heba.
1654 1593 1722 1664 iria.
1733 1589 1790 1665 sib.
1809 1615 1838 1663 1.
1857 1609 1931 1687 cap.
1949 1613 2005 1662 ιν.

650 1691 726 1785 sess.
741 1715 774 1761 v.
796 1685 858 1761 suo
876 1713 1002 1770 more,
1029 1713 1048 1760 a
1066 1690 1174 1761 veteri
1202 1690 1356 1789 gentium
1379 1685 1441 1757 usu
1462 1686 1622 1767 derivat,
1657 1686 1922 1784 conjedantque
1946 1681 2006 1757 sub

660 1788 938 1862 Maccabaeotum
957 1785 1100 1857 demum
1118 1808 1274 1883 tempora
1290 1784 1382 1883 apud
1416 1783 1534 1855 udaeos
1556 1777 1752 1857 inolevisse:
1781 1784 1877 1857 nulla
1888 1806 2008 1855 tamen

644 1886 861 1973 conjecturae
878 1880 973 1954 istius
992 1880 1107 1953 addita
1126 1883 1269 1955 ratione.
1298 1885 1379 1975 Ligt
1392 1880 1524 1955 ootmin
1541 1886 1654 1952 Herm.
1670 1904 1724 1953 ιν.
1739 1884 1866 1976 Evang.
1885 1877 2009 1952 distin·

658 1979 830 2055 &ionibus
860 1974 1067 2089 quibusdam
1091 2003 1165 2051 rem
1197 1977 1350 2076 expedit.
1410 1982 1576 2059 Nomen,
1607 1977 1743 2074 inquit,
1776 1976 2011 2075 aliquandoa

659 2097 763 2152 matre
782 2074 848 2148 suit
866 2075 1039 2159 inditum3
1064 2073 1153 2147 illud
1174 2098 1257 2147 veto
1281 2070 1411 2175 semper
1430 2072 1541 2170 inipso
1554 2074 1701 2169 pariendi·
1719 2074 1871 2160 inslanti,
1899 2064 2008 2146 caussa

660 2174 778 2272 aliqua
797 2170 1062 2245 extraordinaria
1081 2170 1282 2270 impellente
1303 2197 1315 2258 3
1340 2196 1380 2247 ut
1397 2176 1490 2246 Gen.
1513 2194 1634 2245 xxix:
1662 2194 1719 2261 32,
1743 2194 1800 2265 33,
1819 2192 1879 2265 34»
1896 2187 1960 2263 352
1974 2170 2010 2241 bc

663 2296 760 2346 xxx:
783 2272 828 2350 6,
848 2288 884 2358 7.
916 2272 1129 2341 1.Sam.1v:
1156 2292 1217 2342 ar.
1249 2268 1375 2343 nchr.
1396 2294 1456 2342 iv:
1478 2291 1513 2361 9.
1542 2293 1793 2367 nonnunquam
1812 2269 1857 2341 ab
1882 2270 1927 2340 iia
1946 2288 2008 2364 qua

656 2368 826 2467 puerperio
847 2368 1031 2437 intererant.
1052 2370 1143 2437 Gen.
1155 2388 1229 2438 xirv
1242 2395 1250 2437 :
1264 2383 1322 2455 ις.
1348 2388 1531 2439 xxxviii:
1546 2388 1603 2456 29.
1618 2366 1727 2439 Ruth.
1743 2391 1806 2439 iv:
1822 2389 1881 2455 17.
1912 2370 2010 2437 Sem·

658 2490 721 2563 per
741 2484 858 2535 autem
872 2464 980 2535 Patrai
989 2460 1118 2550 judicio
1132 2484 1203 2532 erat
1219 2460 1444 2542 reservatum,
1473 2484 1510 2533 ut
1524 2462 1580 2551 vel
1591 2464 1686 2558 prius
1698 2463 1943 2559 comprobare,
1957 2455 2011 2535 vel

659 2583 796 2636 novum
814 2556 1016 2631 constituere
1028 2582 1092 2654 pro
1114 2556 1228 2629 lubitu
1238 2553 1346 2654 pollet
1356 2604 1367 2640 ,
1395 2559 1451 2629 die
1465 2554 1748 2632 circumcisionis:
1776 2559 1877 2655 quod
1887 2583 2008 2633 exem·

661 2656 761 2752 plum
780 2653 925 2754 Jacobi,
954 2657 1091 2726 Ber-oni
1105 2655 1139 2724 in
1155 2652 1322 2745 Benjamin
1335 2656 1518 2736 mutantis,
1546 2655 1734 2730 luculenter
1745 2655 1907 2729 ostendit.
1917 2661 2007 2730 Gen.

662 2774 780 2823 xxxv:
804 2755 860 2826 18.
891 2754 979 2820 Haec
998 2749 1188 2842 Ligtfhotus.
1223 2754 1300 2846 Ego
1314 2750 1400 2823 nihil
1421 2775 1476 2823 me
1491 2754 1571 2823 certi
1584 2752 1699 2823 videre
1710 2750 1890 2850 profiteor.
1918 2760 2010 2827 Nam

665 2867 712 2917 ex
730 2841 912 2918 Abrahami
939 2842 1075 2915 historia
1095 2845 1217 2917 invidie
1244 2845 1364 2943 colligi
1388 2873 1456 2919 non
1481 2846 1622 2943 potest,
1649 2871 1766 2921 utrum
1783 2845 2012 2927 circumcisio-

665 2945 720 3014 nis
734 2941 816 3020 die,
843 2964 885 3009 an
902 2963 1017 3010 moira
1030 2962 1151 3035 partu,
1180 2934 1290 3013 lsaaco
1310 2967 1435 3013 nomen
1457 2944 1600 3019 dederit.
1654 2946 1770 3018 Multo
1788 2949 1909 3020 minus
1928 2942 2013 3021 illud

663 3036 710 3109 de
727 3035 925 3148 benjamine
945 3034 1095 3120 constat,
1123 3036 1167 3108 de
1185 3038 1283 3128 cujus
1302 3034 1552 3113 circumcisione
1572 3068 1615 3115 nc
1636 3044 1780 3115 verbum
1801 3044 1953 3141 quidem
1964 3045 2014 3116 iii·

665 3155 814 3210 venitur.

488 3270 662 3356 me
766 3232 911 3308 XXIX.
937 3235 1024 3304 Non
1047 3231 1225 3307 abnuerim
1244 3234 1403 3316 interim,
1432 3259 1564 3307 motem
1582 3234 1684 3308 illuni
1699 3239 1769 3310 anti
1799 3262 1888 3312 uum
1907 3230 2011 3312 sitisse.

488 3354 636 3434 ananan
669 3333 765 3403 Nam
783 3323 853 3425 ipsa
876 3329 925 3400 rei
942 3330 1182 3404 convenientia
1195 3326 1252 3403 sua
1265 3332 1373 3408 veluti
1393 3327 1512 3429 sponte
1529 3333 1663 3406 animos
1690 3331 1756 3406 huc
1772 3264 1895 3408 duxit.
1940 3338 2013 3412 Nec

490 3450 662 3526 matanati-
671 3427 779 3507 aliud,
802 3424 945 3523 inquit,
973 3430 1129 3507 Gratim,
1149 3454 1188 3500 ea
1206 3434 1286 3502 inre
1299 3427 1636 3525 spailarumarbitrom
1661 3435 1846 3530 quamquod
1857 3432 2014 3507 crannus·

490 3508 552 3640 ‘ss'l
574 3511 698 3639 “³3⁸⁰st
715 3527 757 3598 ad
774 3518 1103 3611 circmnciftonemaut
1120 3522 1329 3607 lustrationem
1342 3530 1596 3608 advocarentur,
1620 3531 1714 3601 iidem
1723 3527 1897 3622 meminiffe
1964 3546 2015 3603 ent

491 3579 659 3737 „ssssst
672 3617 807 3715 impasti
827 3620 977 3698 nanum'a,
993 3613 1024 3708 fi
1043 3641 1107 3715 qua
1122 3619 1417 3711 osimcontroverfia
1436 3627 1587 3699 orirerur.
1638 3631 1675 3697 N
1678 3651 1724 3697 on
1747 3624 1864 3710 male,
1933 3625 2015 3702 hanc

464 3736 560 3805 aar,
581 3750 639 3791 ma
674 3737 779 3786 unam
797 3737 842 3809 ex
864 3714 982 3787 caussis
1011 3709 1158 3789 dixisset.
1210 3724 1304 3793 Nam
1323 3720 1458 3792 unicam
1480 3715 1575 3792 fuisse
1604 3745 1673 3795 non
1699 3741 1799 3820 puto.
1853 3725 2016 3798 solebant

463 3805 767 3896 „Quidam-enim
787 3810 823 3881 in
842 3809 905 3883 isto
927 3812 1118 3883 amicorum
1145 3836 1317 3887 conventu
1341 3821 1512 3913 preces&
1532 3840 1614 3890 vota
1635 3820 1769 3916 concipi
1789 3864 1801 3900 ,
1843 3822 1965 3896 omnia
1980 3839 2016 3892 ut

453 3921 455 3928 '
508 3945 551 4012 ,λη-
571 3985 575 3996 ,
596 3963 609 3976 ..
671 3903 831 4006 prospere
850 3904 971 3979 infanti
1000 3908 1175 3982 evenirent
1197 3935 1210 3996 3
1235 3933 1311 3984 tum
1333 3913 1436 3983 etiam
1455 3911 1718 3988 circumcisionis
1742 3916 1812 3987 ritu
1830 3911 2015 3991 solenniter

507 4037 511 4042 ·
531 4053 533 4058 .
672 4002 871 4077 initiabatur
893 4002 1003 4076 infans
1022 3998 1222 4079 sanctissimo
1242 4006 1372 4082 soederi.
1423 4010 1505 4098 Ejus
1524 4012 1573 4083 rei
1593 4014 1800 4094 memoriani
1815 4013 1852 4086 in
1865 4010 1942 4113 ipso
1953 4038 2015 4086 vo·

670 4098 789 4175 lebant
810 4097 937 4174 exstare
954 4102 1119 4187 nomine,
1146 4123 1187 4175 ut
1197 4104 1348 4178 adultior
1361 4103 1465 4178 sadus
1477 4110 1616 4181 nomine
1629 4104 1690 4180 suo
1700 4112 1946 4206 pronunciata,
1956 4133 2017 4184 au·

674 4194 772 4279 dito,
796 4192 942 4292 scripto,
962 4197 1089 4272 rediret
1105 4202 1140 4273 in
1160 4201 1434 4276 'recordationem
1454 4204 1650 4301 &precum
1669 4232 1733 4304 pro
1750 4200 1826 4303 ipso
1834 4230 2018 4309 concepta·

473 4345 476 4356 .
583 4347 594 4370 „
652 4317 770 4375 rum,
790 4295 827 4365 &
840 4293 999 4379 federis,
1020 4298 1057 4370 in
1070 4298 1165 4391 cujus
1178 4297 1362 4376 constantia
1381 4301 1495 4372 omnia
1510 4296 1613 4399 ipsius
1630 4299 1689 4375 sita
1705 4302 1751 4377 est
1769 4302 1930 4379 felicitas.
1956 4310 2018 4377 At·

563 4435 574 4480 ,
673 4415 744 4502 que
762 4388 905 4475 eandem
916 4388 1002 4464 lianc
1022 4392 1180 4471 existimo
1193 4392 1257 4473 esse
1271 4399 1466 4484 radonem,
1493 4422 1552 4478 cua
1563 4398 1747 4483 Cluilliaoi
1757 4398 1925 4502 deinceps
1934 4400 2018 4502 bap-

657 4483 773 4577 :fillo
789 4484 989 4577 iraffll‘sss'
1006 4489 1209 4580 lunxetintt·
