4667 5442
645 477 1568 595 orssinrtrrororsronrcn.
1719 542 1791 616 ιη
1897 473 1900 482 ’

433 707 537 778 tentia
552 700 708 779 nominis,
731 707 767 774 δι
783 696 985 772 conscientie
1001 695 1230 793 tranquillitas,
1257 707 1292 773 δι
1310 722 1371 796 pax
1388 718 1487 796 arque
1502 697 1670 776 edificatio
1684 705 1792 780 Eccle.

433 803 495 877 sa.
555 806 725 901 Quasego
744 824 818 886 rea,
853 824 918 870 non
935 794 1096 869 universas
1113 796 1219 871 solum
1235 794 1290 872 sed
1313 808 1349 871 dr
1366 795 1530 897 singulas,
1554 800 1793 904 qualiscunque

435 902 677 976 existimationis
691 924 769 970 meae
784 899 1001 970 diminutione
1019 895 1096 968 haur
1109 920 1242 995 gravare
1255 901 1413 970 redemras
1427 898 1614 997 cupiebam.
1670 905 1715 980 At
1733 931 1790 977 ne·

432 1029 499 1102 que
521 1022 675 1099 magnam
700 995 743 1070 sre
760 1000 888 1097 agendo
905 998 1148 1069 existinationis
1170 1000 1327 1093 jadaram
1350 1001 1477 1085 metui3
1520 1001 1701 1075 dummodo
1723 1027 1792 1077 non

433 1101 556 1186 verbis,
582 1098 637 1171 sed
653 1093 756 1180 fauts,
782 1096 1029 1195 comprobatum
1042 1097 1165 1186 darem,
1192 1097 1260 1189 ejus
1275 1122 1329 1169 me
1345 1092 1508 1195 sapientiae
1523 1100 1730 1176 candidatum
1744 1101 1794 1175 es·

434 1200 485 1285 se,
515 1225 589 1299 quae
596 1197 719 1293 stipem
732 1200 850 1269 veniens
861 1209 993 1292 primam
1007 1200 1122 1288 quidem
1138 1196 1217 1285 resta
1229 1197 1286 1291 est,
1310 1200 1408 1268 deinde
1419 1197 1558 1290 pacisce,
1581 1223 1663 1292 equa
1679 1253 1689 1291 ‚
1713 1200 1790 1293 obst.

432 1326 540 1396 mem,
562 1306 650 1394 plena
668 1297 859 1385 misericordie
880 1301 917 1375 (γ
930 1298 1085 1388 studuero
1103 1297 1258 1378 sonetum,
1282 1300 1391 1389 absque
1404 1297 1602 1392 dasteptata‘one
1621 1304 1661 1377 (r
1676 1304 1797 1386 minime

427 1403 551 1495 fucata.
612 1400 832 1470 Memineram
849 1398 1018 1495 ejusquod
1035 1397 1177 1488 Jacobus
1190 1399 1270 1469 olim
1289 1393 1436 1495 scripsit:
1469 1401 1535 1491 quis
1543 1398 1661 1495 sapiens
1683 1403 1723 1479 d·
1732 1402 1795 1490 sei·
1871 1461 1878 1474 .

436 1504 517 1575 entia
526 1500 663 1594 pateus
685 1502 761 1569 inter
775 1522 849 1580 vos,
870 1501 895 1569 is
908 1497 1075 1589 dernonstm
1092 1523 1130 1569 ea
1148 1499 1227 1569 bona
1241 1497 1455 1586 conversatione
1477 1518 1565 1593 opere
1584 1497 1645 1596 fica
1662 1516 1693 1571 t»
1708 1510 1797 1594 apat·

438 1634 501 1682 ma
521 1613 628 1687 σοφίαι.
702 1602 824 1695 Neque
844 1595 1033 1670 irinidebam
1051 1597 1121 1669 aliis
1136 1621 1236 1695 quam
1255 1595 1405 1669 affectare
1424 1598 1618 1673 videbantur
1638 1604 1798 1674 acuminis

439 1726 477 1774 ae
490 1709 671 1782 novandos
694 1696 842 1781 laudem,
865 1701 965 1771 modo
979 1722 1052 1769 eam
1067 1698 1229 1770 modestia
1245 1721 1283 1769 ac
1297 1696 1439 1770 lenitatis
1457 1703 1646 1776 retinerem.
1696 1705 1736 1776 Et
1749 1703 1799 1774 da'·
1887 1775 1889 1779 ,

438 1804 529 1874 deria
548 1800 684 1898 quidem
703 1823 818 1871 eorum
844 1798 999 1872 ludlenus
1018 1797 1059 1867 ad
1082 1802 1229 1870 animum
1251 1802 1427 1878 revocavi,
1462 1819 1498 1872 ut
1516 1798 1599 1874 serio
1614 1821 1800 1875 excttterem

439 1895 669 1996 memetipsum
689 1901 809 1995 ecquid
823 1925 862 1972 ex
888 1925 966 1971 vero
989 1898 1174 1977 traherent,
1204 1921 1273 1995 qno
1293 1900 1475 1970 admonitus
1495 1903 1740 1999 increpitusque
1762 1927 1800 1976 ea

440 2003 639 2098 corrigerem
656 2021 730 2095 quae
750 2021 816 2070 non
835 2005 889 2071 via
904 2023 1002 2096 arque
1018 1999 1132 2069 ordine
1146 1994 1164 2068 d
1180 2022 1233 2070 rue
1256 1999 1343 2095 gesta
1361 1999 1423 2069 elle
1447 1998 1674 2073 convincebar.
1725 1999 1804 2074 Deo

440 2096 616 2173 immortali
631 2097 769 2195 agebam
785 2105 920 2197 gratiae,
945 2101 1035 2195 qnod
1055 2096 1215 2169 acerbiori
1235 2097 1371 2171 aliorum
1387 2098 1511 2171 calamo
1521 2104 1592 2172 mei
1609 2100 1802 2174 molirentur

439 2201 725 2274 emendationem:
759 2222 872 2271 eorum
885 2202 1018 2270 interim
1037 2195 1210 2287 misertus,
1240 2203 1321 2294 qui,
1354 2217 1391 2270 ut
1405 2223 1469 2296 ego
1487 2196 1573 2272 sorte
1589 2200 1801 2291 emacularet,
1860 2290 1863 2294 Ι

442 2296 502 2400 ipsi
521 2295 587 2371 sese
601 2298 775 2371 affeuuum
796 2297 926 2372 suorum
945 2296 1019 2368 labe
1036 2295 1303 2394 conspurcabanr.
1353 2302 1530 2371 neurim
1547 2319 1654 2373 autem
1681 2325 1803 2391 meam,

444 2408 480 2473 δι
497 2398 688 2470 sententiam
708 2400 749 2467 de
762 2401 802 2469 iit
816 2424 889 2495 qnae
907 2396 1005 2469 hodie
1019 2402 1104 2467 inter
1117 2395 1304 2496 Theologos
1326 2397 1382 2468 dis
1398 2402 1480 2468 utari
1495 2396 1619 2490 solent,
1645 2405 1690 2474 ita
1706 2398 1804 2489 clare,

444 2500 606 2575 tininue,
629 2499 733 2567 nitide
752 2522 805 2568 me
819 2494 994 2593 exposuisse
1012 2494 1209 2586 arbitrabar,
1242 2519 1279 2569 ut
1293 2423 1487 2570 latissimum
1502 2497 1613 2571 caussae
1633 2503 1725 2581 esset,
1740 2517 1806 2576 'nt-

445 2622 513 2697 que
528 2594 775 2669 reformidarem
799 2600 928 2695 piorum
944 2617 1041 2694 atque
1057 2598 1282 2674 eruditorum,
1302 2600 1363 2694 qui
1375 2619 1466 2668 extra
1482 2619 1588 2696 partes
1603 2597 1697 2699 politi
1719 2597 1808 2691 sunt,

445 2701 546 2772 eriam
562 2692 629 2770 fine
641 2694 788 2769 ulteriori
808 2722 880 2768 mea
900 2694 1120 2795 replicatione,
1148 2693 1303 2768 tribunal.
1354 2696 1371 2768 l
1396 2694 1527 2770 noscant
1542 2699 1625 2771 mihi
1639 2704 1713 2773 Viri
1731 2725 1808 2775 eru·

446 2793 612 2877 ditislimi,
638 2793 781 2869 sidicam
796 2798 888 2894 qnod
904 2795 1039 2887 resest3
1077 2795 1199 2868 nullam
1218 2820 1272 2867 me
1289 2799 1323 2866 in
1338 2722 1482 2893 ipsorum
1504 2798 1809 2899 impugnationibus
1888 2861 1892 2866 .

443 2902 760 2999 argumentationem
778 2894 945 2982 invertisse,
970 2921 1043 2993 quae
1062 2903 1081 2969 b
1099 2894 1258 2969 sententia
1270 2890 1434 2967 discedere
1448 2894 1623 2997 subigeret.
1673 2904 1735 2973 Sed
1749 2926 1811 2973 ne·

446 3023 514 3096 que
529 2999 661 3069 emderis
686 3008 723 3071 dc
736 2997 871 3088 teodestie
895 2998 1124 3067 conscientiam
1145 2991 1356 3064 excusserunt
1408 2998 1516 3089 Qud.
1528 3003 1619 3068 enim
1637 3023 1695 3070 me
1711 3023 1751 3069 ex
1767 3023 1810 3071 eo

448 3097 628 3206 plurimum
644 3092 809 3189 prosecille
823 3093 1036 3172 cavil'enrum
1059 3100 1149 3183 cujus
1164 3090 1280 3189 placita
1294 3087 1451 3160 nonnulla
1467 3094 1510 3161 ad
1522 3117 1661 3163 examen
1678 3119 1812 3166 revoca·

450 3217 488 3266 re
498 3215 599 3287 arque
611 3188 797 3287 improbare
814 3187 964 3268 sustinui,
991 3191 1025 3259 id
1039 3186 1145 3286 ipsum
1170 3213 1233 3288 ego
1257 3192 1293 3260 in
1308 3212 1374 3261 non
1398 3190 1537 3259 minima
1555 3193 1704 3263 candoris
1719 3215 1812 3290 parte

451 3291 587 3367 colloco.
640 3294 738 3362 Dona
753 3291 819 3360 Dei
834 3294 869 3359 in
885 3287 1037 3360 omnibus
1055 3285 1154 3359 servir
1176 3296 1244 3384 ejus
1263 3287 1423 3387 suspici03
1460 3311 1501 3362 eo
1521 3292 1698 3388 praesertim
1715 3297 1810 3383 Viro,

452 3417 555 3566 poem
570 3388 617 3461 illi
633 3391 768 3506 quidem
788 3389 928 3558 slopent,
950 3412 1014 3488 ego
1027 3407 1137 3504 autem
1154 3411 1316 3471 veneror;
1340 3383 1382 3504 stc
1398 3407 1508 3462 tamen
1524 3411 1561 3463 ut
1577 3387 1747 3465 hominem
1763 3388 1813 3466 es·

455 3510 1050 3686 dilsllillrlbsliffsi‘l}
1064 3512 1110 3659 ἔξ
1125 3507 1387 3681 tibulli
1395 3490 1814 3688 t‘i‘li‘ttitlltli

458 3693 688 3767 rionromnia?
719 3693 806 3792 Qis
825 3687 919 3767 milri,
941 3685 1008 3760 fine
1068 3685 1136 3784 puli
1153 3683 1303 3785 suffragio
1315 3690 1490 3774 Didtaror,
1513 3713 1585 3761 eam
1605 3687 1713 3789 legem
1778 3692 1814 3776 ἰ,

460 3813 498 3867 ut
516 3816 556 3862 er
576 3815 617 3863 eo
636 3791 725 3886 quod
742 3794 866 3861 viritim
887 3793 963 3860 terit
983 3813 1027 3886 pn
1051 3785 1130 3857 licus
1158 3788 1233 3857 usur
1246 3806 1301 3857 aur
1324 3790 1435 3858 omnia
1458 3782 1613 3861 sumenda
1637 3786 1737 3864 essent
1755 3810 1815 3865 aut

459 3889 573 3966 nibil?
594 3890 718 3986 Neque
740 3885 815 3962 sane
834 3885 1038 3986 prosedtuum
1050 3909 1199 3959 meorum
1215 3887 1378 3962 audonem
1394 3883 1600 3966 diffimulavL
1621 3913 1722 3988 quem
1737 3893 1817 3964 tnti-

461 4016 496 4065 οι
508 3988 529 4063 d
542 4015 596 4062 me
614 3986 777 4061 laudatum
793 4013 904 4086 aequm
923 3986 1024 4059 tector
1046 3983 1279 4083 deprehendet.
1331 3989 1497 4085 Nunquid
1511 3984 1650 4078 necetfe,
1679 4011 1737 4064 aut
1757 3991 1815 4063 de·

461 4115 576 4164 corum
592 4086 665 4174 soit,
687 4090 728 4159 td
744 4086 882 4185 lingulas
894 4091 994 4159 etiam
1018 4088 1182 4172 minutias,
1197 4082 1283 4158 illiue
1298 4088 1473 4184 praedicare
1487 4084 1610 4188 elogia,
1639 4113 1739 4188 quem
1755 4111 1818 4161 no·

463 4192 535 4262 nris
548 4195 705 4281 majorem
723 4188 784 4259 elle
803 4184 862 4286 ipsi
878 4190 1034 4265 credunt,
1059 4210 1167 4284 neque
1184 4209 1248 4282 ego
1260 4182 1397 4260 abnuo?
1426 4191 1528 4262 Porro
1545 4190 1636 4286 quod
1654 4191 1695 4261 de
1714 4186 1815 4262 viola·

465 4309 498 4361 ta
512 4288 657 4381 moestia.
716 4290 820 4360 ιιὶιιιὶι
836 4310 874 4358 ae
886 4287 1040 4360 connais
1053 4284 1125 4383 lege
1139 4282 1316 4380 objedant,
1334 4287 1371 4358 id
1390 4284 1504 4361 frustra
1525 4287 1567 4361 ab
1584 4292 1624 4360 iia
1642 4289 1719 4365 dici,
1741 4309 1818 4384 pro·

465 4386 510 4462 bt
528 4386 665 4471 nlltlco
725 4393 730 4403 '
785 4381 870 4463 fon.
932 4381 1033 4462 mil
1049 4388 1139 4459 enlm
1154 4380 1211 4457 blo
1232 4383 1318 4459 mibi
1338 4384 1456 4474 sunfi,
1478 4407 1597 4487 prater
1614 4383 1820 4464 didenriendi·

1682 4482 1818 4563 liberta·
1967 4513 1970 4520 ·
2039 4469 2047 4480 ’
