4667 5442
559 524 625 610 m
851 495 1672 592 Burneirariol

556 636 883 840 corpprehcnditur,
912 689 991 764 quae
1006 659 1138 737 subdio
1160 685 1275 736 erant:
1302 666 1464 763 Jcr.vii:
1486 686 1542 738 10.
1573 687 1762 738 xxviiio.
1790 687 1909 835 coepte

1873 788 1907 845 e,

557 765 615 856 sen
630 793 654 839 u
669 765 717 840 fre
744 764 933 837 uentilsime
948 784 1020 835 tarn
1041 764 1077 834 in
1089 765 1135 834 V.
1175 785 1255 833 uani
1267 761 1304 833 in
1326 767 1376 835 N.
1397 765 1444 833 T.
1463 762 1499 833 in
1517 761 1668 857 templum
1685 757 1844 837 adscendi

557 865 614 940 vel
633 788 777 944 venile,
803 859 985 941 dicunnir,
1013 786 1212 956 quibuslas
1232 856 1302 930 non
1321 853 1415 930 suille
1436 858 1580 931 ulterius
1601 881 1708 956 quani
1732 860 1769 932 in
1787 863 1911 934 atrium

558 955 888 1062 penetrareconllat.
939 955 1036 1028 Alibi
1051 954 1223 1052 templum
1239 952 1379 1028 lindius
1388 950 1534 1028 sumitur
1556 978 1621 1053 pro
1638 950 1709 1028 sola
1721 959 1785 1029 ede
1795 955 1911 1047 fiicra,

559 1053 979 1151 eujustreserantpartes,
1005 1045 1174 1136 0thst
1183 1054 1338 1149 porticus,
1360 1050 1913 1147 hainntemplumstristilsimedi·

511 1171 520 1180 ι
559 1160 679 1238 gum,
706 1148 774 1227 five
783 1148 943 1242 smum,
968 1151 1006 1223 δι
1021 1167 1137 1231 ηῃηῃ
1155 1153 1303 1243 adytum,
1333 1143 1399 1220 five
1410 1147 1551 1237 santium
1559 1148 1748 1240 sardorum,
1769 1173 1801 1221 i.
1813 1152 1909 1262 Reg.

397 4012 556 4095 mnu

565 1278 627 1326 vi:
643 1276 678 1335 2,
693 1274 726 1344 3,
747 1273 777 1341 5.
827 1243 988 1321 Altitudo
1006 1246 1161 1344 porticus
1180 1244 1281 1317 valde
1294 1240 1451 1318 sublimis
1467 1267 1555 1329 erat,
1584 1241 1607 1317 si
1628 1268 1707 1317 cuni
1725 1245 1913 1319 latitudine

566 1351 604 1423 δι
617 1344 835 1447 longitudine
852 1341 1088 1416 contendatur.
1138 1340 1343 1438 Longitudo
1362 1363 1432 1413 erat
1457 1341 1654 1415 cubitorum
1670 1345 1706 1414 vi
1733 1343 1826 1425 inti,
1854 1338 1914 1417 se·

569 1444 726 1519 cundum
743 1442 892 1515 frontem
922 1438 1116 1511 latitudinis
1135 1436 1284 1521 domus,
1312 1436 1461 1511 latitudo
1484 1435 1681 1511 cubitorum
1701 1367 1844 1523 ilecem,
1874 1463 1910 1516 1.

565 1544 656 1641 Reg.
673 1567 733 1615 vi:
754 1563 791 1613 2.
817 1533 966 1626 altitudo
980 1558 1063 1607 vero
1075 1533 1271 1608 cubitorum
1283 1558 1422 1607 centum
1436 1537 1473 1607 δι
1483 1536 1618 1633 viginti,
1637 1560 1673 1610 2.
1684 1534 1818 1610 Chron.
1833 1563 1912 1612 iit:

564 1660 602 1733 4.
630 1646 669 1711 ln
682 1636 744 1708 hac
758 1636 910 1731 porticu,
934 1627 1117 1704 verisimile
1141 1627 1188 1704 est
1203 1625 1420 1730 conspectum
1432 1626 1557 1705 solium
1571 1627 1647 1705 elle.
1698 1638 1783 1708 Nori
1795 1629 1916 1708 solum

592 1737 649 1808 uia
667 1732 859 1830 antiquitus
876 1731 991 1825 Reges
1010 1729 1047 1801 in
1068 1729 1206 1825 porticu
1224 1728 1432 1824 palatiorum
1455 1727 1501 1800 ad
1526 1730 1581 1819 jus
1597 1726 1784 1804 dicendum
1801 1726 1917 1804 consi-

566 1762 720 1910 lcbant,
754 1852 783 1900 i.
797 1829 887 1925 Reg.
903 1851 961 1898 vii
973 1852 983 1899 t
997 1846 1034 1919 7.
1084 1822 1240 1899 Christus
1255 1847 1371 1897 autem
1384 1822 1440 1897 hic
1459 1846 1498 1896 ut
1508 1831 1587 1899 Rex
1607 1830 1644 1901 &
1657 1827 1916 1926 Judexreprae·

565 1924 737 2018 sentamr:
763 1920 822 1996 sed
859 1923 1018 2020 raecipue,
1046 1923 1128 2033 quia
1145 1942 1257 1994 cetera
1266 1923 1384 1993 omnia
1393 1944 1473 1994 tunc
1485 1927 1599 1994 exacte
1610 1922 1790 2021 quadrant.
1813 1930 1916 2000 Nani

566 2022 614 2096 ob
626 2022 696 2096 loci
715 1948 976 2110 celfitubisiem,
1003 2014 1130 2092 solium
1147 2021 1185 2091 bc
1199 2013 1344 2092 sublime
1356 2012 1418 2090 ell'e
1459 2021 1575 2102 otuit,
1603 2021 1684 2093 &in
1700 2016 1852 2105 sublimi,
1873 2024 1918 2096 δε

564 2121 602 2195 ln
618 2121 820 2290 propinipuo
843 2114 909 2191 suit
927 2115 1053 2199 altare,
1082 2140 1127 2189 ex
1139 2137 1218 2284 pito
1244 2111 1400 2227 desumta
1421 2045 1464 2189 ab
1487 2117 1625 2214 Angclo
1646 2142 1756 2231 pruna
1775 2166 1786 2201 ,
1813 2122 1851 2191 δε
1866 2114 1917 2193 sie

566 2216 666 2293 facile
685 2241 752 2315 exp
781 2236 858 2289 catu
880 2212 957 2297 est,
984 2237 1057 2312 quo
1077 2238 1137 2285 mo
1164 2238 1188 2285 o
1211 2207 1354 2286 fimbriae
1375 2209 1478 2311 ipfius
1496 2213 1704 2312 repleverint
1720 2216 1915 2314 templum,

566 2314 668 2413 quod
680 2339 724 2389 ex
740 2312 845 2384 altera
859 2306 1040 2409 hypothesi
1056 2311 1118 2382 vix
1136 2310 1270 2408 concipi
1281 2308 1408 2479 polsit,
1421 2309 1425 2318 '
1436 2305 1498 2383 nisi
1514 2311 1608 2409 prius
1626 2314 1662 2385 in
1680 2314 1836 2386 animuin
1856 2314 1920 2387 in-

566 2411 734 2493 duxeris,
761 2406 861 2508 quod
884 2406 1005 2504 replere
1032 2410 1070 2484 bc
1087 2427 1158 2481 coiit
1194 2430 1247 2480 ere
1267 2408 1279 2479 i
1306 2430 1362 2479 em
1386 2401 1519 2481 sonent.
1571 2410 1627 2486 Ut
1644 2434 1718 2482 reni
1743 2410 1779 2482 in
1804 2432 1921 2508 pauca

568 2506 769 2581 conferamc
795 2503 1058 2604 Soliimlregiani
1071 2529 1109 2576 ac
1122 2504 1158 2594 ju
1188 2504 1337 2577 'citriam
1355 2502 1481 2580 Chiilli
1495 2504 1531 2578 di
1558 2506 1701 2580 nitatem
1711 2531 1749 2579 ac
1766 2504 1922 2606 potesta-

567 2625 640 2681 tem
664 2624 762 2677 notat
781 2629 792 2678 c
818 2596 945 2675 solium
962 2607 997 2674 in
1015 2600 1159 2696 templo,
1184 2595 1357 2675 siunmuin
1376 2603 1451 2694 ejus
1479 2603 1515 2677 in
1533 2529 1722 2678 {eclesiam
1738 2604 1922 2717 praecipue

569 2700 818 2782 dominatum,
845 2693 972 2770 solium
992 2695 1105 2784 celsum
1120 2721 1159 2769 ac
1170 2697 1207 2769 in
1214 2694 1346 2786 sublimi
1363 2699 1543 2784 locatum,
1570 2702 1667 2798 regni
1677 2702 1918 2786 eminentiam,

569 2821 641 2872 non
659 2795 768 2868 modo
785 2789 885 2893 supra
903 2792 1026 2866 mundi
1043 2789 1312 2890 splendidiliima
1336 2802 1485 2895 Imperia
1502 2842 1514 2878 ,
1541 2792 1600 2867 sed
1617 2800 1654 2868 &
1672 2793 1771 2896 supra
1786 2800 1922 2873 vetetis

570 2892 695 2993 populi
711 2890 937 2964 umbraticam
946 2887 1214 2971 Theocratiam,
1240 2892 1338 2983 cujus
1348 2889 1495 2963 thronus
1514 2913 1586 2987 ctat
1597 2894 1801 2991 operculum
1814 2919 1919 2982 arcae,

572 2990 692 3064 nonin
713 2983 877 3067 sublimi,
904 2980 1099 3059 sedinsolo
1110 2980 1242 3081 positae.
1292 2986 1380 3084 Sefflo
1393 2988 1428 3059 in
1441 2981 1549 3070 solio,
1576 2991 1778 3063 exercitium
1792 3016 1925 3066 mune·

572 3088 620 3163 tis
646 3086 786 3257 rsekpiipip
803 3082 1113 3254 juffiarissj'dngc
1135 3077 1334 3269 sltlrleennsibpis
1353 3079 1701 3254 huiblldamffiblf
1720 3086 1839 3254 palatii
1854 3088 1927 3162 de·

785 3234 795 3256 .
907 3205 929 3251 n
1108 3205 1144 3252 in
1169 3204 1193 3251 n
1214 3206 1242 3251 ri
1296 3205 1333 3251 ac
1490 3235 1501 3262 ,
1577 3205 1638 3252 uni
1912 3240 1926 3264 ,

570 3205 670 3357 elotni
679 3207 875 3391 manditque
892 3204 1037 3367 sagatos
1054 3278 1089 3349 in
1099 3275 1182 3368 solio
1191 3271 1249 3366 suo
1260 3278 1288 3351 ἓ·
1299 3205 1601 3377 Nblihaihprbbe
1619 3205 1790 3376 tesiacgaatllr.
1839 3186 1928 3359 affl

571 3398 688 3451 tamen
711 3395 988 3472 ameimpetio,
1014 3393 1055 3446 ut
1072 3395 1148 3457 etin
1166 3397 1240 3446 reni
1255 3370 1466 3448 hic&nunc
1486 3375 1542 3475 agi
1561 3372 1763 3450 existimem.
1813 3379 1926 3466 Quo.
1978 3371 1983 3384 '

572 3474 741 3552 niamea,
771 3490 851 3567 quta
860 3472 971 3566 Regis
984 3471 1096 3564 magis
1140 3494 1221 3541 uam
1234 3494 1316 3568 quae
1333 3471 1526 3545 Sacerdotis
1539 3468 1643 3554 sunt,
1669 3492 1750 3548 toto
1770 3468 1837 3547 hoc
1860 3499 1924 3547 ca.

572 3561 902 3665 pitedcscribuntiu.
953 3566 1125 3651 Quamvis
1161 3589 1238 3646 aec,
1265 3566 1373 3638 veluti
1387 3569 1424 3638 in
1443 3567 1579 3666 templo
1601 3566 1804 3653 existentia,
1832 3575 1924 3645 Pro-

572 3654 938 3764 phctaerepraescntata
957 3658 1105 3741 fuerint,
1131 3683 1203 3732 non
1223 3679 1340 3735 tamen
1358 3658 1626 3736 idcirconecclse
1645 3662 1716 3749 est,
1742 3663 1854 3767 ipsum
1863 3692 1925 3741 re-

572 3785 655 3834 vcta
669 3782 812 3859 corpore
827 3752 889 3830 fiio
907 3756 945 3828 in
963 3754 1099 3854 templo
1111 3750 1231 3831 fuillet
1256 3779 1445 3856 potuerunt
1461 3763 1555 3834 enim
1576 3762 1608 3833 ei
1623 3760 1682 3834 vel
1698 3760 1797 3837 domi
1820 3810 1832 3847 ,
1859 3766 1925 3843 vel

573 3856 609 3930 in
627 3880 741 3955 agro,
766 3856 824 3929 vel
843 3852 927 3926 alibi
945 3854 1087 3953 agenti,
1114 3854 1237 3928 eadem
1267 3847 1381 3929 offerri
1402 3900 1416 3940 ,
1443 3856 1542 3955 quod
1568 3860 1606 3936 δι
1626 3858 1704 3934 aliis
1722 3858 1927 3960 frequenter

572 3952 754 4052 Prophetis
765 3951 901 4024 accidit.
971 3971 973 3976 '

391 4094 569 4173 flamm
674 4054 757 4122 Xll.
784 4048 963 4128 Additur,
1000 4074 1050 4121 nn
1078 4069 1260 4125 nunniti.
1285 4075 1377 4147 ujus
1405 4076 1686 4129 ntiinvnnuur
1715 4079 1925 4135 rnilitum.

302 4157 305 4164 ¹
390 4178 496 4251 plenus

397 4254 534 4329 timpum.

576 4149 661 4219 Vox
674 4145 822 4219 Hebraea
840 4120 954 4222 0³5³&
967 4171 1048 4228 ore,
1067 4142 1218 4235 fimbria
1241 4175 1313 4223 non
1337 4144 1461 4223 nilide
1480 4150 1653 4236 vestibus,
1707 4152 1780 4225 uod
1793 4148 1923 4238 sciam,

576 4243 613 4315 in
634 4239 734 4317 sacris
753 4239 962 4338 usurpatur,
987 4243 1102 4318 Exod.
1125 4266 1281 4321 xxviii:
1314 4269 1388 4340 33.¹
1405 4243 1586 4339 ινῑηωὴν
1608 4253 1650 4322 ad
1745 4252 1813 4323 riu
1833 4247 1924 4342 ejus,

575 4340 673 4438 pallii
691 4338 924 4439 hyacinthini,
947 4337 1034 4414 vers.
1057 4364 1114 4433 34.
1134 4343 1331 4426 clarissime,
1359 4340 1479 4433 bition
1499 4340 1584 4431 ’th
1597 4343 1730 4439 fimbria
1742 4347 1841 4444 pallii.
1866 4349 1928 4424 Sic

573 4441 698 4552 &Jen
715 4457 821 4517 1111:
850 4463 920 4526 22,
942 4442 1003 4517 26.
1037 4439 1125 4517 Thr.
1154 4460 1190 4515 1:
1207 4462 1243 4532 9.
1293 4440 1399 4518 Unde
1422 4442 1553 4543 colligo
1576 4490 1589 4531 ,
1616 4469 1689 4519 non
1707 4466 1779 4520 tarn
1796 4443 1927 4617 defossa·

1237 4603 1240 4608 .
1862 4567 1930 4616 oii
