4667 5442
571 486 676 608 674
901 474 1121 570 Ouarro
1170 396 1351 588 Inane,
1398 465 1663 586 annaQ

573 652 803 751 largitorem,
830 640 855 718 fi
875 640 1060 742 discipulos
1074 662 1114 714 ut
1133 636 1225 713 lilios
1241 634 1298 713 vel
1313 634 1428 712 fratres
1444 633 1529 709 suos
1558 637 1603 709 in
1623 627 1805 719 Christo,
1829 629 1914 709 siveri-

576 771 682 824 tatem
704 744 763 817 srbi
783 743 1012 815 concreditam
1038 786 1049 823 ,
1084 739 1216 826 ardenti
1237 735 1408 809 charitatis
1428 728 1556 805 affeetu
1576 728 1824 902 prosequatur
1839 760 1852 819 ·,
1868 728 1912 804 stri

575 869 647 1012 ii?
657 830 1550 1010 ·P3{‘st1l¹ssl⁰rll¹”¹i⁰lllillllllfllll‘:
1581 830 1915 1001 lillffillr‘lll

576 963 802 1130 lebrentqdb,
830 1055 900 1129 qua
915 1032 950 1102 in
962 960 1004 1102 (rie
1014 1032 1128 1101 animo
1142 1023 1212 1124 ipse
1222 1024 1283 1099 suo
1294 1048 1468 1121 nunquam
1482 951 1684 1097 satigfacit.
1739 1025 1781 1098 ld
1791 1026 1915 1193 agippo

579 1155 692 1212 terea,
715 1151 775 1211 ut,
799 1130 896 1201 omni
917 1128 1100 1205 comitate,
1125 1126 1288 1203 lenitate,
1315 1125 1352 1193 bc
1366 1120 1457 1193 taedii
1486 1114 1612 1193 nescia
1626 1121 1830 1194 assiduitate
1866 1144 1914 1192 m·

581 1253 648 1302 nos
663 1223 741 1304 suos
759 1224 893 1305 soveat,
922 1248 993 1296 non
1011 1222 1119 1295 modo
1136 1218 1363 1317 Evangelium
1385 1219 1474 1296 Dei,
1504 1210 1572 1286 sed
1602 1210 1630 1288 fi
1658 1213 1739 1290 fieri
1759 1213 1915 1316 possetpn·

609 1327 693 1397 riam
717 1325 759 1394 iis
778 1324 948 1401 anirnam,
973 1341 1054 1401 aut,
1075 1318 1174 1416 quod
1192 1314 1333 1397 mallet,
1358 1315 1525 1411 Spiritum
1548 1311 1698 1388 Christi
1712 1313 1914 1414 impertitib·

581 1350 750 1497 idemne,
773 1418 920 1497 docens,
944 1440 1113 1496 monens,
1134 1410 1325 1493 obtestans,
1352 1411 1468 1505 itaque
1489 1410 1676 1484 manibus
1690 1407 1766 1485 fuis
1786 1404 1915 1511 quasise

485 1568 487 1572 -
583 1517 722 1615 gens&
741 1513 917 1593 formans,
946 1536 1019 1607 quo
1038 1510 1178 1585 tandem
1198 1533 1258 1580 eos
1284 1513 1363 1579 Deo
1391 1504 1504 1578 sistens
1526 1552 1540 1587 ,
1567 1506 1717 1603 plenus
1739 1508 1853 1607 gaudii
1867 1503 1916 1588 ,al

585 1608 789 1706 exemplum
809 1609 1026 1705 praeceptoris
1042 1606 1193 1687 Christi,
1221 1601 1283 1676 suo
1296 1604 1449 1701 quodam
1468 1601 1590 1674 modo
1603 1604 1737 1678 dicere
1750 1607 1917 1705 queansau

585 1731 643 1804 ego
662 1707 701 1782 e
708 1703 776 1795 filii
795 1729 871 1802 quos
890 1708 976 1776 dedit
986 1707 1065 1777 mibi
1081 1706 1259 1781 Dominus,
1284 1704 1339 1797 qui
1356 1696 1437 1790 fassi
1456 1696 1535 1786 sunt
1552 1704 1616 1771 uti
1630 1698 1736 1796 ftgna
1754 1708 1799 1777 d·
1816 1705 1917 1799 prodiit

586 1807 621 1879 in
642 1800 770 1891 israele.
817 1806 945 1896 Neque
959 1795 1092 1873 servum
1104 1800 1204 1872 illum
1214 1822 1362 1895 nequam
1375 1794 1593 1877 imitabitur,
1618 1802 1693 1894 qui
1704 1801 1918 1874 talentumllo·

586 1900 695 1980 mini,
723 1895 858 1971 sudario
878 1896 1092 1976 involutum,
1120 1892 1180 1967 sub
1198 1917 1283 1967 terra
1293 1891 1529 1977 recondebata
1553 1887 1625 1964 sed
1645 1894 1917 1971 coelestisverinn'r

586 2020 694 2095 gaza,
722 2018 802 2091 quae
823 2017 891 2064 non
908 1992 1175 2089 praeslantilsrmo
1193 1990 1335 2088 Ophiris
1354 2012 1459 2069 auro,
1486 2013 1565 2061 non
1575 1989 1917 2086 pretiosrlsrmisnnir·

587 2093 691 2166 nibus
711 2091 864 2165 aeslirnari
903 2087 1008 2171 otest,
1062 2114 1141 2160 uam
1158 2088 1327 2184 plurimos
1346 2086 1525 2159 conabitur
1546 2084 1810 2185 locupletare,

585 2187 677 2263 nihil
696 2183 756 2259 srbi
775 2186 857 2259 dece
884 2206 1008 2267 urum,
1035 2114 1061 2256 b
1079 2184 1154 2257 aliis
1170 2184 1318 2257 multum
1330 2181 1487 2262 accedat,
1502 2184 1598 2254 ‘imo
1610 2187 1820 2281 plurimum
1833 2105 1916 2258 ili:

581 2279 777 2366 cessurum,
805 2280 829 2356 sr
848 2284 883 2356 in
902 2276 1126 2380 dispensando
1147 2278 1276 2361 fidum,
1304 2281 1338 2353 in
1358 2276 1603 2352 distribuendo
1626 2283 1914 2382 larginnDon'u

591 2381 810 2479 compererit.
861 2383 979 2477 Atque
998 2380 1047 2451 ira
1068 2403 1112 2452 ex
1125 2375 1248 2452 sincera
1268 2376 1405 2449 caritate
1423 2374 1581 2458 docens,
1612 2404 1700 2453 non
1716 2379 1915 2479 cauponabi!

590 2479 737 2554 verbum
747 2480 812 2551 Dei
823 2523 835 2560 ,
862 2501 975 2576 neque
992 2474 1145 2553 sermone
1159 2470 1372 2551 assentatorio
1387 2494 1523 2557 utetur,
1553 2499 1688 2573 neque
1708 2463 1915 2552 avaritiaene

591 2578 674 2675 quic
701 2601 780 2649 uarn
800 2595 989 2674 praetexet,
1018 2600 1130 2673 neque
1150 2574 1298 2676 gloriam
1316 2595 1445 2673 quaeret
1456 2597 1499 2647 ex
1510 2568 1767 2664 bominibus,
1791 2569 1915 2674 iisrepla·

419 2711 450 2729 =
582 2694 669 2754 ,cere
740 2675 856 2756 debit,
884 2670 942 2746 sed
956 2678 1035 2746 Deo
1054 2672 1119 2786 soli
1140 2676 1202 2772 qui
1224 2673 1380 2772 explorat
1394 2672 1508 2748 corda.

690 2770 806 2850 Faciet
823 2769 896 2844 baec
910 2768 1030 2841 eadem
1046 2794 1186 2853 caritas,
1214 2793 1253 2842 ut
1273 2795 1343 2843 non
1355 2766 1415 2842 nisi
1435 2791 1550 2853 certa,
1582 2766 1675 2849 sana
1694 2821 1710 2861 ,
1739 2771 1912 2868 solidam

590 2863 750 2940 fovendae
768 2862 870 2950 fidei,
898 2866 1087 2939 excitandae
1101 2862 1194 2963 spei,
1222 2866 1468 2964 promovendae
1482 2871 1640 2964 pietati,
1675 2864 1911 2949 retinendae-'-

590 2964 687 3044 tati,
710 2963 747 3035 &
792 2966 841 3035 aci
853 2962 978 3034 idonea
988 2958 1088 3045 sunt,
1115 2969 1306 3061 proponat:
1333 2964 1449 3036 omnia
1465 2988 1649 3064 peragens
1665 2968 1742 3045 fine
1753 2961 1914 3070 prae'nffl

592 3058 684 3134 nihil
697 3062 734 3132 in
753 2987 1045 3171 aiterampartem
1059 3062 1280 3144 inclinando,
1309 3084 1413 3157 quarn
1425 3057 1577 3135 sollicite
1593 3055 1917 3142 abstinemabomai·

594 3156 807 3324 bus-vocpm
823 3156 1080 3328 pennensibus,b
1096 3160 1134 3231 &
1150 3157 1431 3327 vanilsoquesptia,
1443 3160 1727 3333 &vgilfquim
1742 3155 1919 3354 albim

592 3275 739 3367 tentionr
765 3277 826 3365 us·
851 3278 956 3366 ‘quae
985 3280 1055 3327 ronr
1082 3280 1228 3329 uscurro
1244 3280 1295 3334 rs,
1332 3279 1373 3366 Ιιι
1389 3277 1432 3327 trs
1500 3280 1548 3368 rn·
1566 3283 1578 3329 r
1597 3284 1663 3369 cip
1683 3263 1807 3377 irratio,
1895 3346 1902 3359 Ι

591 3345 1920 3558 llllllluullllllr,llllllrllllllll‘lznllffi

591 3543 712 3617 culum
725 3543 859 3626 editur,
887 3564 991 3641 atque
1008 3539 1069 3641 rpsr
1087 3545 1239 3640 denique
1252 3549 1383 3618 Satanae
1398 3547 1562 3619 maximae
1577 3543 1682 3623 liunt
1701 3552 1849 3628 delicie·
1865 3547 1919 3620 lla

591 3658 633 3710 tu
655 3637 757 3752 suge,
784 3638 933 3750 ohomo
953 3642 1048 3750 Dei,
1075 3664 1189 3738 neque
1210 3642 1319 3714 ullam
1341 3665 1494 3739 unquam
1519 3666 1566 3715 ex
1587 3637 1917 3757 inventionumm'·

590 3754 664 3807 tate
682 3735 1022 3848 ruglonamglonam
1040 3759 1240 3850 aucupator.
1290 3738 1470 3811 Habemus
1483 3763 1542 3850 per
1553 3745 1629 3849 Der
1646 3750 1831 3842 gratiam,
1853 3738 1920 3816 lile

591 3852 674 3902 mus
691 3854 727 3902 rn
740 3829 895 3905 Ecclesns
914 3838 952 3907 &
972 3832 1105 3906 Scholrs
1119 3833 1241 3947 nostris
1260 3834 1460 3948 praeclarum
1480 3839 1627 3912 Drvrnae
1639 3823 1923 3938 resjudico&

593 3948 692 4009 turn,
720 3947 789 4000 tarn
809 3928 998 4003 luculenter
1013 3954 1057 4003 ex
1073 3925 1171 4005 sacras
1190 3931 1297 4004 lrterrs
1318 3929 1615 4017 demonstratum,
1644 3957 1730 4012 tam
1747 3925 1926 4014 sortrrerd·

594 4019 709 4132 uersus
726 4048 954 4124 quoacunque
969 4024 1081 4137 hostes
1096 4026 1273 4101 descnsum
1292 4074 1303 4110 ,
1337 4050 1411 4140 tam
1426 4029 1524 4102 uberi
1541 4026 1842 4110 consolationum
1852 4029 1930 4108 scau·

590 4139 729 4215 ngrne,
754 4141 918 4220 tantaque
937 4124 981 4194 ad
1003 4126 1267 4234 ingenerandam
1286 4120 1492 4199 sanctitatem
1509 4125 1718 4222 pollentia,
1747 4127 1932 4208 masania

594 4209 629 4285 se
648 4215 862 4312 approbans,
890 4240 944 4291 tot
960 4219 1109 4316 denique
1130 4221 1376 4296 carissimorum
1394 4224 1463 4293 Dei
1480 4243 1682 4321 martyrum
1708 4227 1771 4304 sm
1798 4232 1874 4304 nine
1891 4218 1933 4294 fi·
1959 4287 1961 4298 .

588 4332 752 4386 matum:
778 4339 891 4414 neque
914 4316 1062 4389 dubitari
1082 4316 1194 4415 potest
1211 4322 1299 4416 quin
1317 4316 1384 4392 hoc
1399 4316 1497 4417 quod
1514 4315 1736 4400 habemues
1812 4328 1820 4342 ‘
1868 4316 1932 4394 lde·

589 4404 687 4494 Ebur
703 4410 749 4490 ad
762 4407 907 4493 salutern
922 4414 1174 4512 perducendis,
1200 4409 1720 4516 &eronunuunmmdm
1748 4424 1935 4598 utadffi
