4667 5442
690 513 787 622 722
1065 498 1302 591 Onario
1330 496 1697 591 queoinicii

688 665 835 763 pedibus
864 689 979 741 totam
998 690 1040 739 eo
1070 664 1293 742 consistentes.
1345 665 1445 741 Nihil
1470 689 1587 740 autem
1609 659 1921 765 magnificentius
1936 660 2046 741 Pontii·

690 767 740 836 cis
758 768 905 838 Maximi
918 788 1079 863 apparatu
1092 768 1235 862 cogitari
1245 762 1365 862 potest.
1417 766 1526 855 Cujus
1544 763 1736 861 pestorale
1748 761 1918 843 sactum,
1943 766 2044 836 &aoi-

690 861 830 943 culum,
859 865 894 934 8(
913 862 1080 958 pallium,
1108 864 1273 934 &tunica
1286 856 1473 942 tessellata,
1499 864 1536 933 &
1551 862 1719 943 cidaris,
1751 863 1796 933 &
1818 857 1996 940 baltheus,
2014 882 2041 932 ti

689 955 789 1039 lino,
819 984 862 1031 ex
878 958 988 1041 lana,
1003 984 1048 1033 eit
1061 956 1309 1055 hyacinthino,
1337 960 1375 1030 δι
1393 981 1568 1055 purpureo
1588 1004 1600 1042 ,
1632 960 1882 1033 &coccineo
1909 952 2039 1051 dibapho,

690 1056 729 1127 δι
744 1053 868 1153 xylino
882 1058 1060 1128 intemexo
1074 1101 1085 1139 ,
1117 1058 1154 1128 &
1168 1078 1277 1137 auro,
1306 1078 1410 1154 prout
1426 1050 1556 1151 singula
1567 1054 1846 1151 requirebant,
1878 1053 2039 1149 operturi-

692 1147 894 1224 ficiosiisimo
906 1175 1089 1233 contexta,
1117 1176 1195 1223 tum
1213 1150 1353 1224 insitivis
1372 1149 1616 1246 pretiosissimis
1637 1150 1865 1247 lapidibus,
1894 1153 1932 1222 δι
1946 1149 2037 1245 depri-

578 1263 604 1306 “·ι
694 1247 855 1321 dentibus
872 1248 931 1319 ubi
944 1248 1167 1320 conveniebat
1183 1246 1420 1321 tintinnabulis
1440 1250 1550 1319 aureis
1572 1249 1611 1318 &
1635 1247 1944 1345 malogranatis,
1966 1244 2036 1319 &lt-

695 1346 789 1420 mina
802 1369 900 1417 aurea
917 1340 1074 1441 inscripta
1089 1345 1229 1417 nomine
1249 1343 1418 1443 Jehovae,
1445 1342 1557 1415 nostia
1568 1344 1734 1439 quidem
1745 1345 1917 1416 oratione
1926 1339 2034 1439 dignis·

697 1466 755 1513 ma
771 1437 869 1522 sunt,
898 1436 955 1511 sed
975 1440 1167 1536 prolixiora
1187 1464 1292 1537 quam
1310 1460 1349 1511 ut
1368 1436 1560 1535 singulatim
1583 1462 1849 1536 exponantur.
1901 1444 2032 1512 eoem

695 1540 744 1610 ita
756 1559 947 1633 comparata
960 1536 1095 1610 suerunt
1106 1539 1250 1617 omnia,
1278 1531 1461 1611 ursacium
1479 1534 1664 1632 quendam
1687 1534 1893 1609 horrorem
1910 1538 1983 1609 tanti
1995 1533 2033 1604 dt·

696 1637 786 1706 coiis
800 1656 979 1729 apparatus
994 1633 1207 1706 intuentibus
1217 1635 1403 1714 incuteret,
1425 1631 1528 1705 &vel
1540 1630 1771 1704 stolidissimi
1784 1634 2030 1730 cogerenturlli·
2049 1721 2051 1726 Ι

696 1733 750 1827 gis
773 1730 867 1802 illius
893 1728 1104 1818 Maiestatem
1127 1755 1206 1804 cum
1226 1728 1361 1825 stupore
1391 1730 1569 1811 venerari,
1603 1729 1715 1820 cujus
1740 1729 1908 1804 minister
1923 1732 1973 1802 vix
1988 1721 2051 1828 iit(

697 1826 831 1923 stupore
853 1827 1043 1899 videbatur.
1091 1866 1093 1869 ·
1954 1863 1962 1875 ·

797 1927 846 1993 Ea
862 1923 979 2020 itaque
1000 1923 1137 1995 tentorii
1157 1914 1260 2003 sacri,
1287 1941 1326 1993 ut
1342 1924 1379 1994 dc
1398 1920 1557 2017 deinceps
1571 1921 1706 2018 templi
1726 1927 1856 2006 ratio,
1883 1918 2025 2021 quteRtgi

696 2014 869 2109 cujusdam
889 2019 1059 2090 domicilii
1072 2024 1151 2089 Deo
1171 2016 1455 2091 inhabitaculum
1476 2018 1663 2092 destinati:
1692 2043 1742 2093 ut
1754 2023 1809 2094 ita
1824 2021 1894 2093 sere
1907 2023 2022 2112 interpo-

696 2116 819 2214 pulum
840 2111 937 2187 suum
949 2121 1045 2186 Deus
1060 2109 1219 2186 habitasse
1232 2111 1423 2194 censeatur,
1451 2114 1776 2210 quemadmodum
1797 2123 1890 2191 inter
1904 2112 1967 2189 suos
1980 2135 2019 2183 m·
2049 2123 2051 2132 '

697 2237 811 2287 iamm
821 2216 935 2311 Reges
947 2207 1070 2284 solent.
1122 2205 1486 2307 Hincsplendidiffima
1499 2215 1692 2284 Saneluatii
1707 2209 1904 2312 supellex,
1926 2215 1957 2284 u
1978 2199 2018 2278 ul

695 2312 743 2383 rei
759 2309 933 2382 familiaris
945 2304 1146 2404 magnificus
1158 2307 1348 2379 admodum
1359 2329 1550 2403 apparatus.
1580 2310 1957 2408 Hincampliffimun
1990 2306 1995 2317 ’

696 2431 767 2504 que
786 2401 969 2477 discretum
983 2406 1186 2485 ordinibus,
1214 2404 1258 2477 ad
1274 2406 1365 2474 varia
1384 2401 1568 2477 ministeria
1589 2402 1844 2482 famulitium.
1893 2394 2012 2479 Alilai-

698 2506 789 2584 eris,
817 2501 875 2575 alii
896 2527 915 2573 a
936 2501 1111 2584 custodia,
1139 2500 1198 2572 alii
1214 2503 1274 2598 qui
1294 2496 1434 2573 Musicae
1455 2526 1593 2596 operam
1611 2500 1774 2587 darent,
1798 2507 1887 2603 qui,
1904 2495 2012 2574 dunb-

696 2597 840 2697 giabant
858 2596 1076 2678 holocausta,
1103 2600 1294 2694 vinumque
1307 2600 1371 2669 rite
1390 2596 1583 2679 libabatur,
1610 2621 1736 2682 voce,
1764 2602 1931 2679 buccina,
1949 2593 2009 2667 cir·

697 2690 846 2790 disque,
872 2695 981 2766 veluti
1003 2696 1091 2766 inter
1116 2696 1244 2791 Regias
1267 2694 1406 2790 epulas,
1437 2716 1605 2768 canerent.
1662 2700 1776 2771 Hinc
1803 2690 2007 2786 mensalem!

699 2789 846 2887 panibus
864 2787 1048 2870 instructa,
1076 2792 1168 2886 ignis
1181 2796 1216 2863 in
1235 2814 1290 2863 ara
1310 2812 1478 2888 perpetuo
1495 2790 1639 2875 ardens,
1668 2788 1822 2870 suffitus
1841 2784 2003 2890 bisqiioiid'f

698 2883 852 2958 incensus
870 2931 884 2968 ,
909 2886 1084 2981 totiesque
1100 2882 1250 2981 prosecta
1262 2888 1475 2960 vidimarum
1491 2886 1535 2961 ad
1553 2912 1674 2971 aram,
1711 2916 1785 2964 ceu
1811 2886 1943 2966 mensam
1954 2887 2002 2960 slve

698 2982 865 3064 admota,
894 2978 1118 3079 profestisque
1138 2979 1210 3066 sal,
1229 2984 1371 3067 vinum,
1394 2988 1430 3057 δι
1448 2983 1531 3057 serta
1552 2985 1689 3062 addita.
1754 2977 2007 3090 Atqoelaecqri·

697 3077 779 3150 dem
797 3078 840 3149 ad
862 3081 995 3172 Regiam
1010 3083 1079 3152 Dei
1095 3098 1240 3176 pompam
1259 3080 1484 3177 pertinebant.

793 3174 917 3247 Nolim
937 3198 1050 3248 tamen
1068 3177 1116 3248 ita
1132 3177 1175 3247 de
1192 3176 1320 3250 israelis
1342 3182 1438 3275 Rege
1456 3177 1666 3252 arbitremini
1687 3228 1703 3263 ,
1735 3188 1917 3260 Andizetes,
1931 3160 2004 3271 qvi

697 3273 838 3346 terrenis
851 3266 941 3346 hisee
954 3273 991 3342 &
1004 3273 1121 3369 egenis
1142 3273 1263 3345 mundi
1276 3272 1477 3356 elementis,
1505 3299 1574 3348 non
1592 3275 1718 3351 dicam
1739 3282 1872 3363 valde,
1890 3273 2005 3367 sedquo-

697 3368 889 3442 dammodo
907 3368 1107 3442 afficeretur.
1166 3376 1250 3442 Non
1270 3367 1400 3442 habitat
1418 3372 1451 3444 in
1464 3371 1602 3469 templis
1617 3398 1734 3449 manu
1757 3379 1856 3452 saclis
1873 3423 1886 3459 ,
1906 3371 1952 3471 qui
1963 3385 2002 3462 W

696 3462 824 3537 throno
842 3459 987 3546 c'oelum,
1009 3467 1048 3537 δι
1087 3491 1126 3537 ro
1147 3461 1557 3544 scabelloterramhabet.
1608 3475 1702 3544 Non
1715 3476 1797 3548 indi
1826 3500 1861 3549 et
1875 3472 2000 3550 hominu

697 3558 908 3643 ministerio,
935 3562 990 3633 cui
1011 3490 1162 3635 coelestes
1181 3562 1394 3661 Angelorum
1418 3584 1539 3637 turmae
1559 3564 1603 3636 ad
1623 3590 1761 3644 nutum
1790 3499 1999 3668 sgemperptll

696 3653 786 3731 sunt.
839 3665 916 3730 lmo
933 3682 975 3730 ne
990 3658 1077 3731 coelo
1095 3659 1239 3754 quidem
1258 3658 1444 3755 Angelisve
1460 3662 1615 3761 indiget,
1635 3667 1727 3759 qui,
1754 3664 1828 3743 suis
1851 3668 1884 3742 se
1898 3657 2000 3739 iord!

696 3753 903 3835 virtutibus,
930 3751 990 3825 sibi
1008 3752 1101 3827 solus
1117 3753 1161 3825 ad
1175 3777 1322 3826 omnem
1339 3754 1536 3831 beatitatem
1556 3757 1682 3832 sufficit
1706 3791 1717 3836 ε
1748 3769 1785 3839 in
1807 3762 2006 3865 persediool

701 3844 837 3922 suarum
855 3847 913 3921 infi
939 3853 984 3921 ita
998 3850 1176 3947 opulentia
1198 3850 1474 3948 contemplanda,
1486 3853 1643 3938 amanda,
1660 3857 1831 3946 fruenda,
1845 3848 2008 3935 omnuld·

696 3946 807 4017 citatis
825 3971 986 4020 numeros
999 3947 1190 4021 inveniens.
1240 3949 1307 4021 Sed
1320 3944 1421 4021 crasso
1434 3949 1604 4024 israelitici
1617 3945 2009 4056 populi'genioiddim

695 4040 762 4121 est,
784 4044 845 4138 qui
860 4069 920 4139 per
936 4066 1074 4115 externa
1085 4040 1157 4118 haee
1168 4048 1207 4120 &
1218 4039 1361 4117 visibilia
1370 4046 1414 4117 ad
1424 4044 1664 4121 sublimiorum
1675 4078 1806 4129 rerum
1816 4053 2011 4156 cogitatione·

694 4134 974 4211 &invisibilium
993 4144 1085 4220 Dei,
1110 4142 1218 4237 Regis
1231 4136 1304 4221 sui,
1330 4144 1497 4215 virtutum
1517 4148 1869 4243 contemplationem
1888 4147 2012 4223 evehim-

696 4229 779 4306 cesle
800 4233 982 4307 habebant.
1032 4243 1090 4308 Ne
1109 4237 1152 4308 de
1171 4236 1401 4310 Melsiaenunc
1418 4238 1585 4336 mysteriis
1603 4240 1725 4318 dicam
1744 4294 1756 4330 ,
1787 4274 1872 4348 quae
1881 4242 2013 4347 hilam

692 4329 794 4402 nibus
804 4329 1005 4406 adumbrata
1017 4330 1130 4418 fuisse,
1157 4358 1223 4410 nos
1242 4332 1388 4435 quidem
1399 4333 1581 4411 Christiani
1591 4361 1660 4436 pio
1673 4342 1890 4425 indubitato
1898 4331 2010 4445 agii&

690 4425 783 4504 mus‘.

1973 4519 2010 4606 ld
