4667 5442
593 518 690 628 142
832 497 1706 597 ExencrrrrroVI.

594 692 700 741 auur
729 690 772 739 ru
801 690 902 741 tono
928 687 1202 735 transcurras.
1262 664 1389 735 Omnis
1418 661 1537 738 laetitia
1557 661 1696 760 planstu
1728 657 1949 762 obsignatur.

591 772 641 838 At
661 766 724 862 qui
745 764 918 836 Creatoris
936 764 972 833 in
994 783 1149 859 tempore
1167 761 1387 841 meminerit,
1415 786 1528 859 neque
1548 760 1687 833 habebit
1700 759 1809 859 quod
1830 762 1969 862 lu'geat·

591 864 628 933 in
649 883 789 941 morte,
817 883 930 957 neque
947 855 1163 956 plangendus
1183 858 1246 930 erit
1258 856 1300 929 ab
1314 858 1413 942 aliis,
1437 854 1536 956 quast
1558 856 1683 931 amillrr
1712 860 1864 958 magnis
1888 861 1948 933 bo·

327 1029 331 1040 ,
593 960 646 1031 nis
664 960 699 1031 in
720 956 845 1029 malam
863 956 1097 1032 conditionem
1117 953 1304 1027 devenerit.
1717 1040 1720 1048 ¹

411 1080 521 1145 XXIV.
543 1076 585 1139 εἰς
690 1057 828 1127 XXIV.
853 1052 910 1128 Ab
933 1049 1165 1123 incommodis
1195 1050 1432 1124 membrorum
1455 1074 1679 1125 externorum
1698 1048 1747 1122 ad
1767 1048 1946 1127 defestuur

413 1151 516 1215 summ,
531 1172 563 1209 ue
591 1152 739 1250 partium
759 1150 969 1222 internarum
988 1150 1026 1220 ὃ(
1043 1146 1203 1219 vitalium
1224 1144 1337 1221 transit
1350 1143 1436 1222 vers.
1455 1153 1493 1222 ’6.
1544 1149 1655 1238 Cujus
1672 1148 1944 1247 aenigmata&-

375 1244 377 1248 ’
408 1247 500 1310 sm
513 1232 555 1286 '³³'
591 1250 671 1321 teris
689 1245 879 1319 difficiliora
905 1239 969 1316 elle
993 1243 1168 1317 videntur.
1217 1244 1394 1317 Nonnulli
1419 1245 1569 1342 generali
1597 1241 1839 1342 explicatione
1860 1272 1943 1319 con·

411 1326 578 1456 mx&
589 1346 675 1417 tenti
697 1340 774 1417 sunt
796 1373 809 1419 t
851 1365 890 1414 ut
907 1336 1009 1415 senex
1036 1360 1254 1438 comparetur
1276 1340 1367 1413 fonti
1399 1337 1587 1423 arescenti,
1614 1336 1800 1439 frastisque
1819 1342 1943 1419 instru-

412 1454 561 1528 mumdefi-
590 1445 715 1514 mentis
736 1437 855 1515 misere
873 1438 1095 1519 deformato,
1124 1440 1162 1510 &
1183 1437 1363 1536 paullatim
1384 1438 1430 1510 ad
1445 1438 1577 1510 nullam
1593 1462 1667 1510 tem
1691 1438 1791 1515 utili.
1846 1447 1940 1516 Nm

411 1535 494 1595 ‘5⁴²¹‘-
588 1534 704 1610 srcut'h
731 1540 828 1618 urie,
849 1539 947 1621 rati,
975 1534 1057 1606 fune
1075 1536 1112 1605 &
1126 1558 1228 1607 urceo
1239 1534 1436 1616 confractis,
1464 1558 1591 1632 aquam
1603 1531 1736 1607 haurire
1747 1561 1828 1612 non
1836 1537 1939 1626 licet,

588 1635 638 1707 ita
657 1563 893 1713 deicientibus
920 1634 958 1704 &
986 1628 1157 1703 exhaustis
1182 1628 1403 1704 facultatibus
1422 1630 1665 1713 naturalibus,
1692 1633 1731 1703 &
1746 1635 1938 1719 vitalibus,

395 1809 399 1815 ,
587 1734 660 1803 vita
677 1731 812 1803 retineri
833 1755 904 1803 non
919 1724 1046 1824 potest.
1092 1727 1166 1801 Sed
1178 1729 1442 1800 convenientius
1461 1724 1634 1826 sapientiae
1648 1727 1881 1816 Salomonis,
1907 1736 1940 1808 &

382 1836 415 1892 ·‘.
586 1827 766 1995 plegcalntiae
789 1823 954 1995 {amonis
970 1822 1050 1908 est,
1073 1820 1313 1925 utsrngulaeo
1328 1824 1536 1908 reserantur,
1557 1820 1856 1925 cuisrgnificando
1865 1823 1963 1906 vcr.'

523 1939 534 1959 ·“
612 1950 660 1997 ar
688 1948 774 1995 onea
806 1945 880 1997 unt.
1530 1977 1537 1988 .

410 2037 580 2107 xxxcon·
682 2023 807 2095 XXV.
833 2021 889 2096 Sic
897 2041 983 2119 ergo
993 2017 1108 2130 pergit
1119 2011 1343 2092 ecclesiastes.
1389 2010 1585 2131 1103115311
1604 2012 1934 2128 ΡΓΙἯΝἪΨΝῚΥ

410 2117 512 2252 {⁷⁴51ss
530 2122 681 2191 au'Dux
705 2144 792 2191 uox
818 2143 970 2192 ruoour
997 2141 1248 2191 moveatur
1274 2142 1388 2190 tuuis
1420 2141 1674 2194 anceureus.
1722 2125 1792 2194 Per
1822 2121 1934 2198 finem

423 2214 496 2251 rixas

482 2270 490 2286 .
583 2238 786 2314 argenteum
799 2216 959 2315 intelligo
982 2237 1128 2295 nervos,
1156 2216 1220 2310 qui
1234 2214 1323 2287 funis
1339 2237 1529 2296 vocantur,
1556 2214 1640 2313 quia
1656 2216 1699 2287 ab
1716 2239 1793 2290 uno
1815 2243 1933 2294 omnee

410 2289 523 2371 mus
586 2314 653 2385 orti
673 2315 872 2414 principio,
898 2311 1009 2385 veluti
1028 2312 1129 2383 unius
1145 2309 1235 2383 sunis
1252 2306 1383 2383 infinita
1405 2308 1484 2393 fila,
1512 2337 1574 2409 per
1593 2333 1709 2386 totum
1725 2338 1861 2414 corpus
1880 2341 1935 2392 ex·

583 2409 792 2492 tenduntur,
821 2406 955 2484 fibrillis
973 2404 1042 2483 suis
1061 2428 1230 2502 extremas¹
1239 2430 1352 2506 partes
1364 2432 1601 2506 permeanteS,
1629 2430 1669 2481 ut
1681 2432 1806 2490 motus
1817 2410 1935 2488 arsen.

547 2520 549 2524 '
583 2504 683 2579 suum
701 2505 935 2581 instrumenta.
987 2513 1163 2605 Argenteo
1186 2510 1302 2576 au'tem
1319 2504 1392 2577 funi
1418 2525 1658 2603 comparantur
1677 2505 1935 2607 propter'colo·

583 2629 684 2678 rem:
711 2607 774 2701 qui
792 2604 892 2679 albus
911 2650 922 2686 ,
950 2603 1094 2704 pulcher
1111 2602 1148 2671 ὃ(
1165 2595 1365 2698 splendidus
1385 2600 1451 2682 est,
1480 2604 1584 2674 etiam
1597 2602 1633 2673 in
1653 2625 1804 2703 corpore
1821 2632 1933 2682 recena

584 2721 752 2785 mortuo,
777 2701 906 2772 nedum
923 2703 960 2773 in
978 2703 1148 2778 vivente,
1177 2699 1318 2795 quando
1336 2695 1475 2797 :spiritus
1495 2698 1631 2773 distenti
1652 2696 1743 2775 sunt.
1799 2704 1932 2779 Dehot

583 2794 823 2871 funedititur:
847 2814 940 2907 ‘pne‘
961 2792 1018 2880 td?
1038 2812 1131 2880 ἸΨΝ
1151 2812 1217 2881 Ἰν.
1250 2797 1309 2868 sic
1325 2792 1432 2869 habet
1452 2817 1582 2870 ternus.
1634 2803 1831 2892 Donctmte
1852 2804 1933 2878 elon·
1973 2843 1977 2860 =

579 2910 694 2987 getur,
717 2892 840 2974 idest,
865 2891 1118 2966 contrahatur·
1146 2889 1268 2964 Solent
1280 2915 1396 2966 autem
1414 2889 1511 2966 senes
1522 2896 1797 2973 contraffionem
1808 2924 1934 2977 nereo-

525 3080 529 3086 *
583 3012 662 3062 rum
679 2990 779 3086 pati,
804 2987 898 3063 unde
913 2984 1066 3087 ipsorum
1091 2989 1296 3062 incurvatio.
1345 2996 1385 3062 ln
1410 2991 1564 3090 margine
1584 3014 1724 3069 notatur
1739 2993 1933 3096 legendum

584 3080 648 3157 esse
667 3086 781 3184 Ρῧῧέ)
807 3086 909 3185 quod
919 3107 1056 3159 notaret
1067 3088 1269 3167 decatenari,
1289 3082 1447 3170 dissolvi,
1475 3089 1605 3171 laxari,
1633 3085 1730 3162 sensu
1740 3099 1932 3173 contrario,

582 3184 637 3257 Ex
657 3184 831 3259 laxatione
848 3182 1012 3257 medullae
1026 3177 1115 3255 dorsr
1136 3185 1175 3255 &
1194 3207 1410 3267 nervorum,
1438 3183 1485 3258 est
1505 3182 1687 3284 paralysrs,
1715 3190 1755 3261 &
1775 3191 1933 3294 deniqne

582 3305 692 3356 mors.
742 3288 828 3357 Vox
843 3281 1011 3363 Hebraea,
1038 3301 1110 3353 tam
1124 3282 1287 3355 textualis
1306 3328 1317 3364 ,
1345 3307 1452 3379 quam
1469 3283 1688 3387 marginalis,
1716 3284 1932 3375 estiensi·-

581 3380 713 3459 masrn:
741 3379 892 3479 ideoque
911 3379 1043 3461 variis,
1078 3380 1152 3451 imo
1178 3381 1419 3454 &contrariis
1451 3381 1934 3476 expolitionibus‘obnoxia:

581 3478 773 3572 exquibus
797 3476 936 3550 difficile
962 3473 1008 3548 est
1026 3476 1205 3572 potiorem
1235 3476 1390 3577 eligere:
1427 3482 1580 3550 maxime
1607 3501 1718 3576 quum
1739 3501 1935 3586 utrumque

578 3592 829 3645 contranorum
844 3573 880 3643 in
901 3566 996 3642 senes
1016 3570 1126 3645 cadat.
1948 3623 1959 3636 ·

678 3670 819 3741 XXVI.
845 3664 1060 3739 Additt=Er
1088 3693 1320 3760 Qrassurun
1347 3696 1575 3748 reurrcurn
1606 3699 1752 3750 auxen.
1795 3678 1935 3764 intelli·

580 3785 629 3865 go
648 3764 851 3845 cerebrum,
878 3762 978 3861 quod
997 3767 1035 3837 &
1050 3763 1196 3838 formam
1213 3764 1387 3841 lenticulae
1406 3767 1526 3853 habet,
1554 3775 1590 3844 in
1608 3768 1715 3870 pressa
1732 3777 1934 3853 rotundita-

580 3884 643 3943 te,
671 3861 709 3935 &
724 3856 845 3943 usum,
875 3857 978 3950 (nam
996 3857 1079 3935 stcut
1096 3887 1140 3935 ex
1151 3861 1315 3937 lenticula
1333 3865 1474 3950 oleum,
1502 3870 1550 3942 ita
1567 3893 1611 3945 ex
1632 3871 1772 3944 cerebro
1785 3867 1932 3972 spirituc

578 3956 745 4031 animales
764 3959 799 4031 in
818 3980 942 4053 corpus
964 3954 1145 4052 defluunt)
1173 3962 1209 4031 &
1224 3960 1260 4033 in
1278 3962 1475 4037 membrana
1487 3969 1654 4039 exteriore
1667 3966 1830 4052 colorem
1844 3974 1934 4050 auri·

578 4051 637 4128 Est
651 4054 743 4127 enim
758 4054 819 4128 illa
831 4057 904 4127 rufa
918 4059 955 4129 &
968 4050 1137 4138 subflava,
1165 4082 1248 4131 auro
1262 4061 1426 4157 propior,
1454 4086 1562 4161 quam
1580 4063 1654 4137 ulla
1663 4068 1822 4162 corporis
1883 4092 1934 4146 rs.

576 4144 755 4239 Qualsatio
777 4150 1052 4225 imbecillitatem
1070 4154 1198 4228 cerebri
1217 4177 1335 4229 notat:
1362 4152 1429 4232 five
1447 4183 1490 4231 eo
1500 4155 1596 4233 sensu
1613 4184 1653 4234 ut
1668 4156 1773 4236 senex
1793 4162 1841 4236 de
1861 4166 1933 4239 ’rus

576 4271 648 4321 non
671 4248 819 4347 amplius
839 4271 953 4325 utatur
972 4251 1103 4349 integra
1121 4274 1267 4341 mente3
1292 4248 1359 4325 srve
1380 4275 1421 4327 ut
1439 4255 1682 4335 distillantibus
1699 4255 1843 4362 copiose
1863 4260 1935 4338 ltu·

576 4343 733 4420 moribus
752 4345 929 4424 cerebrum
945 4347 1055 4425 veluti
1075 4345 1242 4426 rimosum
1260 4350 1432 4452 perpluat.
1454 4437 1462 4454 κ
1967 4351 1971 4364 “

1763 4543 1934 4638 mli.
