4667 5442
639 513 1591 602 Drssrzltrn'rlo·nrls‘rourcu
1725 533 1802 624 ἠγ

433 699 561 798 Neque
574 696 668 774 valde
679 696 840 772 credibile
861 699 977 782 uideri,
1000 702 1113 800 ignem
1128 700 1196 773 Dei
1214 702 1256 773 de
1270 701 1356 777 curlo
1370 704 1551 777 cadentem
1564 707 1703 803 pecudea
1722 733 1800 786 etun

436 795 762 897 puerirabsumfilse,
786 796 940 873 -rrnosolo
954 801 994 871 ad
1010 805 1167 875 nuncium
1183 801 1362 901 superstite.
1414 808 1583 973 Qum
1602 812 1693 879 enim
1712 815 1801 907 ignia

435 896 597 973 diluvium
616 903 752 998 requiri
772 900 814 973 ad
830 897 1036 997 unicoquasr·
1050 900 1167 972 haustu
1177 899 1440 975 consumendum
1464 906 1568 1002 eptier
1589 906 1679 978 mille
1700 935 1801 1004 pecu.

434 1000 491 1073 des
509 1024 586 1075 cum
602 997 948 1169 omniburpasloribur
961 998 1054 1082 suia?
1088 1002 1209 1083 Adde,
1229 1006 1405 1100 indignum
1422 1000 1503 1091 esse,
1529 1006 1640 1078 Deum
1658 1010 1693 1078 in
1710 1007 1801 1081 thea-

434 1121 525 1173 trum
539 1100 695 1172 inducere
710 1102 775 1170 Dia
799 1096 854 1173 olo
868 1100 1050 1183 dicentem,
1062 1101 1151 1199 quod
1165 1103 1207 1172 ad
1224 1104 1270 1198 pii
1284 1100 1429 1173 hominis
1444 1099 1641 1199 probitatem
1665 1108 1802 1179 demoti·-

434 1201 620 1292 lltandam,
649 1202 691 1270 in.
703 1195 840 1273 Diaboli
855 1203 1017 1299 gratiam,
1043 1198 1109 1271 fine
1128 1201 1231 1273 catalla
1253 1225 1329 1275 eum
1352 1202 1543 1301 perdiderit.
1605 1208 1689 1304 Qtis
1708 1211 1801 1281 eninr

436 1306 610 1401 concipere
623 1298 726 1398 potest
739 1302 784 1373 ira
801 1303 911 1373 Deum
925 1323 1008 1372 runa
1018 1298 1152 1374 homine
1168 1301 1320 1374 ruminio
1328 1300 1376 1374 sni
1394 1300 1533 1376 studioso
1552 1327 1570 1373 a
1594 1329 1649 1376 ere
1667 1305 1711 1378 ad
1723 1331 1800 1381 corr·

434 1400 641 1476 fundendum
656 1396 854 1487 Diabolum?
879 1398 946 1472 cui
963 1421 1118 1498 praeterea
1134 1397 1293 1473 credibile
1307 1402 1370 1481 cst,
1396 1407 1556 1492 amicos-J
1601 1407 1634 1494 i,
1662 1407 1703 1476 ad
1723 1431 1800 1478 eum

436 1499 668 1577 consolandum
685 1501 884 1588 accedentes,
902 1495 933 1569 se
958 1521 1025 1572 rem
1036 1505 1180 1599 integros
1194 1503 1262 1571 dies
1279 1527 1353 1571 com
1369 1499 1518 1573 notlibus
1533 1500 1625 1573 humi
1641 1501 1800 1603 cumipse

435 1597 622 1689 consedisse,
638 1596 729 1673 nullo
741 1603 873 1672 interim
890 1523 1003 1672 habito
1020 1598 1166 1672 sermone
1175 1644 1194 1681 ,.
1208 1624 1254 1671 eo
1267 1601 1354 1697 quod
1371 1602 1521 1673 viderent
1537 1597 1683 1675 dolorem
1703 1602 1801 1702 ipsura

436 1725 598 1803 perquam
617 1695 846 1772 vehementem
861 1694 958 1779 esst?
985 1699 1058 1798 Qri
1075 1696 1146 1771 fieri
1162 1699 1288 1798 potest,
1314 1719 1350 1773 ut
1369 1701 1443 1798 quis
1467 1702 1502 1772 in
1521 1718 1608 1774 tanta
1625 1700 1801 1777 afflidliooe

437 1808 583 1900 integros
599 1796 720 1897 septem
736 1800 805 1871 dies
822 1795 959 1879 silentio,
981 1795 1048 1871 stne
1063 1798 1205 1896 plandu,
1229 1795 1527 1897 fine-querimonia,
1550 1799 1734 1903 tranfigat?
1757 1804 1800 1877 Et

436 1902 520 2001 quid
533 1896 790 1972 hoc-amicorum
804 1923 907 1998 genua
921 1898 981 1989 cll,
1007 1904 1069 1997 qui·
1081 1897 1248 1972 bominem
1265 1898 1483 1971 mistrrimum
1495 1919 1585 1973 tanto
1600 1922 1748 2002 tempore
1763 1907 1801 1976 ita

436 2009 549 2075 tinere
561 2007 598 2074 dt
617 1996 762 2072 sordibus
783 1998 997 2094 relinquunt,
1020 2023 1058 2071 ac
1079 2023 1148 2072 non
1160 2002 1266 2098 potius
1286 1998 1376 2069 molli
1397 1996 1524 2073 lectulo·
1532 1996 1651 2071 blande
1666 2028 1802 2101 compo·

436 2101 555 2174 nunt?
589 2102 712 2196 Neque
727 2097 781 2171 bic
796 2095 931 2171 subsistit
953 2123 1030 2171 cum
1047 2095 1112 2169 suis
1122 2096 1457 2194 argumentationibus
1474 2102 1569 2172 ratio,
1616 2100 1802 2199 Pluraque

435 2218 547 2300 carpat
566 2202 713 2277 inuenit,
743 2195 907 2295 longeque
924 2205 1058 2290 majora.
1110 2199 1215 2277 Vide,
1237 2201 1366 2295 inquit,
1388 2194 1691 2275 craffumerrorem.
1740 2202 1797 2275 In·

403 2360 406 2367 .
436 2302 580 2375 troducit
597 2299 709 2370 auctor
728 2294 849 2394 Jobum
870 2300 956 2394 Cape
972 2320 1024 2370 111.
1060 2322 1104 2370 ea·
1119 2296 1302 2370 verborum·
1320 2299 1496 2372 acrimonia
1514 2303 1680 2399 animique
1695 2305 1801 2401 impa-

437 2405 554 2475 tientia
572 2418 849 2495 conquerentem,
878 2422 952 2495 quae
970 2421 1038 2469 non
1053 2395 1155 2470 solum
1168 2400 1312 2496 indignat
1335 2393 1408 2471 sunt
1422 2395 1556 2470 homine
1571 2402 1649 2499 pio,
1676 2409 1711 2474 dc
1731 2405 1801 2472 reri

437 2505 504 2575 Dei
524 2501 713 2598 cognitione
729 2494 888 2578 imbuto,
910 2494 966 2568 sed
981 2497 1123 2595 indignae
1138 2495 1388 2570 etiamhotnine
1406 2495 1549 2597 gentili,
1585 2493 1802 2598 Philosophia

437 2602 610 2701 principiis
627 2596 745 2668 leviter·
758 2597 872 2670 tindbo.
921 2599 1120 2695 imprecatio
1133 2597 1191 2667 ista
1208 2620 1277 2694 quo
1289 2598 1355 2668 diei
1374 2595 1430 2669 suo
1446 2595 1543 2668 natali
1552 2596 1725 2681 maledicit,
1734 2624 1802 2672 non

437 2701 595 2775 eonvenit
609 2694 737 2769 bomini
757 2715 845 2767 tanta
861 2695 987 2793 pietate
1001 2698 1137 2794 praedito
1156 2718 1278 2795 quanta
1292 2694 1380 2786 Jobo
1399 2693 1590 2770 adscribitur
1606 2723 1624 2770 ε.
1646 2701 1681 2768 in
1698 2722 1802 2795 quan-

439 2803 557 2875 tamvis
572 2802 809 2872 extremitatem
827 2796 957 2869 edecus
972 2799 1132 2870 videatur.
1193 2794 1304 2869 Palam
1318 2799 1426 2867 omnir
1446 2800 1568 2868 Detori
1585 2793 1673 2896 leger
1690 2796 1803 2880 violat,
1927 2805 1929 2809 ‘

437 2905 497 3001 qui
512 2893 1002 2997 tamimpotentemstrmonetn
1024 2894 1174 2971 attribuit
1190 2892 1325 2969 homini
1335 2899 1413 2994 pin:
1441 2899 1488 2968 uti
1503 2902 1539 2968 δι
1553 2896 1690 2972 alterum
1706 2894 1802 2971 illum

437 3006 498 3100 qui
514 3000 612 3073 exstat
622 3023 698 3093 cap.
714 3019 753 3070 ιι.
773 3020 808 3069 2.
840 3000 951 3067 Dicam
967 3003 1045 3076 Deo,
1069 3022 1104 3065 ne
1119 2998 1282 3065 crodmari
1298 3016 1371 3077 met.
1394 3011 1494 3063 norum
1504 2993 1561 3080 sar
1573 2999 1644 3064 mibi
1660 3019 1750 3084 qaam
1764 2996 1799 3066 ol

438 3123 503 3170 rem
515 3100 666 3167 centoria
677 3115 800 3163 mecam.
851 3099 909 3161 An
924 3095 1028 3163 bonurn
1046 3091 1150 3180 esttibi
1167 3094 1245 3182 quod
1257 3090 1434 3182 opprimat?
1459 3098 1530 3163 dcc..
1572 3092 1645 3161 Post
1665 3088 1802 3163 hos-ste-

439 3219 568 3273 moner,
591 3195 653 3287 qui
667 3213 781 3287 parum
795 3186 816 3259 d
831 3185 1030 3285 blasphemia
1046 3186 1175 3273 absunt,
1201 3186 1577 3285 secundum-Tragoediae
1588 3185 1679 3261 illt'nr
1691 3191 1802 3261 aum·

441 3321 534 3374 rem,
567 3286 811 3383 Jobumlaudat
824 3286 918 3360 Dmrt
946 3290 1042 3384 quod
1056 3293 1134 3359 refla-
1152 3290 1187 3359 de
1200 3289 1360 3375 [elocutae
1374 3284 1429 3369 stt,
1462 3306 1568 3383 atque
1584 3292 1631 3359 ira
1651 3286 1802 3370 adversor

441 3400 565 3471 amicos
579 3397 648 3486 ejus
664 3383 850 3466 exardescit,
872 3390 1238 3483 quieredideranteum
1254 3408 1386 3487 propter
1401 3406 1530 3484 peccata
1546 3384 1599 3459 sua
1612 3386 1725 3486 affligi.
1752 3388 1801 3462 Ex

441 3502 495 3575 hir
512 3504 547 3571 dc
563 3487 737 3567 fi'milibur,
764 3511 837 3585 quae
855 3486 978 3562 referre
992 3484 1274 3593 prolixumsoret,
1294 3483 1466 3560 mandritae
1481 3489 1631 3571 tandem,
1656 3487 1800 3562 nouella

441 3601 529 3674 banc
549 3586 679 3689 dejobi
694 3586 878 3661 calamitate
890 3613 1000 3661 reram
1017 3591 1214 3676 Historiam,
1240 3581 1294 3659 sed
1308 3582 1420 3660 fidiam
1431 3589 1664 3687 Tragoediam,
1685 3591 1801 3686 itrqua

442 3719 556 3776 eontra
572 3714 687 3766 omnes
699 3689 811 3761 decori
828 3695 864 3761 dr
881 3685 1117 3785 probabilitatb
1129 3686 1218 3788 leget
1232 3682 1432 3785 plurifariam
1444 3709 1614 3786 peccatum
1632 3685 1692 3771 fit,
1710 3713 1801 3786 quar·

434 3786 763 3901 quamseqoenrer·
774 3791 840 3860 Dei
855 3790 1012 3887 Spiritum
1026 3790 1205 3863 nocerem
1220 3784 1341 3859 habere
1357 3811 1433 3860 non
1443 3784 1556 3885 pouit.
1610 3858 1614 3864 ,
1697 3849 1708 3860 .

561 3891 708 3970 XXlV.
743 3889 796 3961 nd
811 3889 952 3962 eundern
968 3891 1103 3964 modum
1122 3913 1163 3961 ex
1182 3882 1393 3960 rationissuae
1414 3881 1502 3963 scitis
1518 3890 1560 3960 de
1576 3883 1706 3980 Psalmis
1723 3891 1800 3988 qui·

442 3998 601 4077 busdam,
624 3997 661 4065 dr
673 3992 813 4063 maxime
832 3989 976 4091 desacrig
991 3991 1144 4080 praemiis·
1159 3984 1414 4087 philosophatur.
1467 3994 1571 4070 Bora,
1593 3991 1721 4087 inquit,
1741 3989 1800 4075 fida

433 4098 597 4195 faedam
610 4088 668 4185 est,
686 4092 752 4182 fine
770 4092 937 4184 Prapletiaa
950 4092 1065 4185 Spiritu
1085 4092 1188 4161 melius
1202 4088 1315 4178 aliquid
1330 4089 1385 4159 diri
1398 4088 1517 4184 potaiffa
1531 4091 1571 4158 iis
1591 4113 1653 4180 qaae
1674 4088 1799 4173 exstant.

443 4204 543 4273 Pron
559 4213 644 4267 xxx.
666 4206 722 4275 18.
739 4211 870 4281 19020.
900 4191 971 4262 raia
987 4188 1177 4280 isiauralaa-
1190 4186 1281 4270 dare,
1305 4189 1503 4279 inoptatum
1515 4190 1569 4260 baa
1583 4208 1640 4260 non
1652 4190 1723 4258 novi
1736 4189 1800 4262 (rc.

446 4294 751 4375 uoluntariorum
766 4291 801 4359 de
816 4292 932 4384 Spiritu
947 4290 1115 4381 Propbttica
1126 4287 1242 4381 ¹jtttlt'ret
1262 4305 1389 4382 epartem
1411 4287 1515 4381 quial
1532 4290 1628 4359 anima
1640 4286 1696 4376 lata
1710 4289 1804 4378 imper

443 4392 632 4495 narepotqd
642 4409 685 4466 at.
699 4392 855 4467 radicata
871 4387 986 4481 Ma
1006 4386 1160 4487 miliaro.
1202 4436 1207 4444 ι
1234 4384 1395 4472 captim
1406 4389 1599 4467 σιιιιὶιοιω
1610 4408 1672 4485 pro
1686 4387 1802 4488 fiola

1383 4543 1442 4608 Q
1748 4484 1803 4564 val
