4667 5442
781 617 859 632 L
890 631 986 632 xxij

1304 713 1458 808 De
1535 713 2144 810 pnsum.
2213 715 2595 816 Vnmr.
2662 709 3059 812 Eune.
3346 711 3555 836 689

867 877 1112 980 figuris
1153 876 1296 954 illis
1328 901 1473 954 tam
1507 886 1735 954 exacte
1771 884 2090 956 convenit
2114 928 2138 965 ,
2193 903 2275 956 ut
2318 877 2365 955 fi
2402 879 2659 981 fingula
2696 883 3151 958 conferantur-2
3228 904 3453 980 neque
3472 878 3559 956 fi-

867 999 1078 1076 guras
1109 973 1262 1050 istas
1295 973 1715 1052 artificiofius
1754 978 2164 1052 conformari
2199 976 2491 1075 potuiffe
2524 977 2612 1052 ad
2641 1003 2751 1052 eas
2775 1005 2881 1053 res
2905 967 3404 1075 exprimenda»
3431 1003 3557 1054 ne-

869 1095 1014 1171 que
1045 1097 1154 1146 res
1195 1069 1370 1171 ipsas
1392 1098 1431 1145 a
1469 1070 1702 1172 figuris
1733 1075 1875 1149 ulla
1902 1077 1973 1146 in
2009 1096 2198 1171 parte
2229 1070 2644 1172 discrepare,
2702 1073 3109 1150 manifestum
3142 1071 3267 1150 fit!
3366 1149 3375 1158 ,

1067 1165 1520 1243 Transeamus
1561 1195 1738 1244 nunc
1769 1170 1854 1245 ad
1897 1171 2451 1246 HISTORIAM
2478 1167 2639 1270 Jesu
2676 1195 3044 1269 rerumque
3098 1171 3186 1244 ab
3219 1197 3305 1242 eo
3339 1169 3560 1272 gesta-

873 1289 1032 1344 rum
1077 1286 1286 1363 prout
1323 1291 1434 1339 eas
1471 1263 1732 1363 scriptis
1761 1265 2203 1364 Evangelistae
2234 1264 2566 1364 persecuti
2605 1265 2802 1343 sunt:
2856 1273 2931 1344 &
2962 1267 3103 1366 ipsa
3150 1265 3323 1340 mihi
3374 1266 3561 1342 dicat

867 1363 1237 1460 pertinacia
1260 1406 1284 1445 ,
1342 1361 1525 1437 dicat
1559 1363 1630 1433 in
1662 1365 2028 1459 perniciem
2057 1358 2245 1435 suam
2280 1365 2627 1453 conjurata
2665 1366 3022 1463 impietas,
3078 1364 3254 1461 quid
3274 1363 3404 1436 ulli
3427 1387 3563 1438 un-

927 1482 1086 1530 uam
1123 1457 1417 1531 historiae
1457 1455 1667 1530 fidem
1703 1458 2166 1533 conciliaverit
2200 1458 2398 1557 quod
2427 1458 2586 1532 huic
2614 1457 2804 1534 defit.
2908 1466 3225 1546 Quatuor
3255 1459 3558 1556 aequales

869 1481 1236 1651 scriptores
1260 1600 1283 1636 ,
1339 1553 1656 1627 homines
1697 1559 1799 1629 uti
1836 1581 1976 1627 non
2017 1555 2224 1639 mali,
2281 1558 2377 1630 ita
2415 1580 2540 1628 nec
2585 1554 2771 1630 stulti
2802 1557 3109 1655 profecto
3147 1578 3264 1629 aut
3296 1555 3550 1637 stolidi,

869 1650 1012 1728 suae
1048 1654 1276 1748 gentis
1316 1696 1339 1733 ,
1393 1647 1496 1723 sui
1560 1653 1688 1723 aevi
1724 1675 1831 1725 res
1875 1673 2381 1739 memorantes,
2434 1653 2684 1749 quibus
2730 1654 3103 1726 maximam
3136 1673 3396 1750 partem
3427 1647 3554 1748 ips!

871 1750 1360 1830 interfuerant,
1415 1746 1529 1820 vel
1566 1771 1857 1843 quarum
1897 1742 2052 1844 ipfis
2103 1747 2379 1822 aliunde
2439 1748 2639 1846 plena
2679 1747 2846 1821 fides
2880 1748 3042 1821 fasta
3082 1771 3220 1824 erat
3258 1795 3280 1830 ,
3350 1773 3426 1819 ea
3461 1747 3552 1819 de

869 1843 1037 1946 Jesu
1077 1841 1326 1916 Christi
1365 1844 1716 1916 nativitate
1744 1891 1767 1928 ,
1812 1847 2000 1926 vita,
2048 1840 2513 1927 sermonibus,
2560 1845 2945 1930 miraculis,
2988 1857 3225 1918 'morte
3258 1891 3279 1926 ,
3339 1840 3557 1917 resur-

869 1942 1172 2016 rectione
1195 1985 1218 2022 ,
1265 1934 1828 2037 adscenfioneque
1855 1943 1926 2013 in
1964 1940 2218 2013 coelum
2247 1963 2556 2023 narrant,
2610 1967 2770 2038 quae
2805 1945 3074 2015 notiora
3100 1942 3303 2014 vobis
3326 1943 3559 2014 omni·-

875 2036 1010 2110 bus
1041 2031 1194 2107 sunt
1233 2061 1444 2133 quam
1483 2059 1561 2108 ut
1602 2039 1818 2134 repeti
1849 2036 1961 2110 hic
2001 2037 2319 2110 debeant.
2424 2037 2618 2124 Quid
2660 2033 2893 2111 caussae
2934 2039 3071 2111 dici
3104 2037 3324 2134 potest
3350 2083 3371 2119 ,
3436 2061 3557 2112 cut

875 2135 1107 2210 minus
1140 2130 1298 2207 huic
1329 2131 1624 2206 historiae
1649 2133 2052 2206 adhibeatur
2087 2131 2254 2206 fides
2278 2179 2300 2214 ,
2358 2158 2567 2230 quam
2600 2135 2755 2208 aliis
2793 2135 3114 2208 omnibus
3154 2134 3239 2205 de
3259 2157 3557 2230 quarum

876 2229 1160 2304 veritate
1197 2254 1402 2302 nemo
1441 2229 1712 2303 dubitat
1745 2230 1770 2302 ζ
1823 2231 2291 2304 Alexandrum
2323 2234 2665 2328 Magnum
2703 2231 3049 2304 Persarum
3090 2229 3558 2304 monarchiam

867 2319 1229 2401 debellaffe
1250 2373 1272 2408 ,
1331 2326 1716 2424 Augustum
1743 2332 1991 2402 Romae
2017 2351 2244 2400 rerum
2267 2329 2575 2423 potitum
2609 2324 2734 2398 effe
2771 2374 2792 2409 ,
2852 2326 3375 2400 Constantinum
3415 2335 3560 2398 Im-

869 2424 1048 2523 perii
1087 2418 1316 2495 sedem
1351 2426 1763 2520 Byzantium
1804 2417 2196 2496 transtulisse
2227 2471 2249 2504 ,
2308 2447 2519 2519 quam
2569 2424 2657 2496 de
2702 2419 2822 2496 suo
2858 2426 3136 2497 nomine
3171 2422 3563 2494 Constanti-

869 2518 1197 2616 nopolim
1244 2519 1497 2591 dixerit
1535 2565 1559 2602 ,
1617 2545 1823 2594 nemo
1869 2543 2008 2594 tam
2043 2519 2293 2592 bardus
2327 2544 2402 2594 ac
2452 2521 2651 2618 stipes
2686 2567 2707 2602 ,
2786 2545 2992 2592 nemo
3028 2543 3171 2592 tam
3207 2512 3559 2615 opiniosus

869 2619 952 2691 &
988 2616 1299 2713 pertinax
1338 2615 1428 2689 est
1451 2663 1472 2699 ,
1528 2620 1649 2712 qui
1691 2643 1828 2690 non
1871 2617 2096 2692 credat
2122 2640 2196 2690 ac
2235 2616 2538 2692 fateatur.
2641 2623 2727 2690 Et
2761 2642 2985 2713 quare
3016 2616 3375 2689 induatis?
3425 2615 3558 2685 Ni-

869 2713 1131 2788 mirum
1225 2714 1389 2809 quia
1490 2736 1886 2810 temporum
1977 2713 2259 2785 illorum
2346 2710 2703 2811 scriptores
2770 2713 3145 2787 constanter
3232 2711 3307 2783 id
3397 2705 3565 2783 affe-

863 2831 1133 2886 verant.
1237 2811 1452 2905 Atqui
1494 2812 1682 2882 idem
1727 2808 1840 2883 hic
1879 2811 2191 2884 obtinet:
2245 2812 2320 2884 ὃ(
2346 2814 2469 2907 qui
2503 2810 2684 2909 gesta
2708 2808 2867 2910 Jesu
2893 2831 3316 2890 memorant,
3374 2808 3443 2878 in
3468 2808 3557 2880 iis

873 2931 1038 3004 quae
1087 2901 1296 2978 fidem
1344 2930 1556 3004 quam
1597 2910 1898 2980 maxime
1941 2903 2338 3006 exsuperare
2358 2906 2716 2990 videntur,
2772 2908 2862 2980 ad
2894 2907 3139 3005 populi
3159 2927 3561 3002 procerum-

869 3026 1016 3100 que
1057 2998 1532 3076 conscientiam
1562 3050 1585 3086 ,
1639 3007 1714 3076 &
1749 3005 1908 3101 plus
1943 3029 2152 3101 quam
2200 3005 2622 3102 quingentos
2659 3003 2857 3077 testes
2914 3022 3316 3102 provocant.
3416 3005 3568 3072 De-

869 3101 1090 3197 nique
1113 3100 1631 3174 circumstantias
1658 3125 1898 3174 omnes
1926 3124 2230 3175 enarrant
2257 3125 2282 3187 3
2333 3123 2604 3196 tempus
2629 3147 2652 3184 ,
2697 3101 2909 3184 diem,
2955 3099 3192 3173 horam
3218 3144 3239 3180 ,
3296 3097 3563 3179 locum,

868 3195 1165 3277 urbem,
1254 3221 1500 3298 agum,
1543 3198 1882 3284 domum3
1932 3194 2291 3295 personaS,
2342 3201 2525 3269 viros
2553 3245 2574 3280 ,
2623 3199 2988 3272 mulieres:
3045 3221 3202 3293 quae
3231 3219 3376 3291 quo
3402 3193 3565 3290 plu-

869 3317 988 3375 ra,
1029 3315 1116 3364 eo
1153 3223 1250 3364 ag
1270 3296 1813 3368 convincendum
1855 3295 2178 3370 faciliora.
2281 3299 2433 3368 Nec
2474 3318 2637 3366 vero
2656 3297 2733 3396 in
2760 3295 2999 3392 Judaea
3020 3293 3105 3362 de
3133 3293 3335 3365 rebus
3356 3291 3424 3359 in
3448 3298 3565 3360 In-

875 3389 997 3460 dia
1039 3388 1238 3485 gestis
1270 3388 1698 3485 loquuntur,
1750 3387 1864 3462 sed
1900 3390 1987 3463 ad
2010 3411 2247 3486 portas
2289 3388 2521 3469 urbis,
2578 3391 2759 3484 apud
2780 3389 3183 3460 Bethaniam
3222 3382 3569 3458 &Bersai-

871 3485 1042 3556 dam
1091 3527 1114 3562 ,
1173 3486 1242 3553 in
1276 3479 1664 3565 suburbiiS,
1721 3487 1790 3558 in
1840 3485 2008 3557 urbe
2069 3482 2211 3580 ipsa
2251 3529 2273 3563 ,
2329 3507 2413 3553 eo
2455 3486 2611 3558 vico
2644 3529 2665 3564 ,
2732 3508 2808 3554 ea
2858 3506 3056 3579 porta
3100 3531 3121 3564 ,
3180 3508 3257 3554 ea
3291 3478 3567 3576 piscina.

875 3576 1234 3652 vivebant
1267 3579 1465 3651 testes
1497 3625 1518 3660 ,
1575 3580 1901 3653 videbant
1939 3584 2145 3662 coeci,
2201 3575 2644 3651 ambulabant
2682 3582 2961 3652 mortui.
3066 3581 3159 3651 Iis
3189 3575 3256 3649 se
3281 3577 3571 3650 circum-‘-

871 3674 1270 3751 stantiarum
1291 3674 1608 3770 angustiis
1633 3681 1876 3748 arctare
1912 3699 2048 3748 non
2091 3674 2185 3749 est
2211 3674 2521 3772 profesto
2554 3701 2708 3749 mos
2735 3677 3242 3748 mentientium.
3296 3677 3383 3745 Et
3403 3694 3565 3768 quae

829 3833 836 3838 .
871 3771 1160 3844 tandem
1193 3769 1339 3842 haec
1381 3766 1596 3844 fuisset
1627 3795 1765 3846 tam
1799 3773 2082 3846 demens
2121 3771 2593 3870 impudentia,
2648 3774 2737 3844 de
2778 3772 2978 3844 rebus
3023 3767 3223 3868 eopse
3254 3790 3568 3866 tempore

869 3869 954 3942 &
983 3865 1142 3938 loco
1183 3867 1383 3964 gestis
1405 3913 1427 3950 ,
1484 3870 1665 3964 apud
1700 3867 2018 3944 homines
2052 3873 2284 3942 cuncta
2311 3864 2605 3942 sollicite
2627 3867 3097 3949 observantes,
3154 3861 3572 3960 eosdemque

873 3989 1110 4039 rerum
1144 3968 1530 4045 Dominos,
1587 3987 1724 4038 tam
1747 3966 2134 4063 petulanter
2157 3967 2432 4039 mentiri
2460 3965 2485 4036 ἓ
2540 3972 2679 4037 Aut
2704 3990 2863 4062 quae
2900 3964 3229 4038 mendacii
3264 3955 3565 4034 merces}

877 4065 1056 4134 Non
1096 4084 1264 4156 opes
1311 4063 1664 4135 enimvero
1701 4109 1724 4145 ,
1799 4088 1940 4137 non
1975 4062 2271 4135 honores
2310 4109 2334 4144 ,
2390 4087 2533 4134 non
2574 4062 2961 4158 voluptates
3000 4090 3021 4134 .·
3070 4057 3187 4133 sed
3240 4055 3573 4132 contraria

877 4160 1120 4229 omnia
1152 4203 1174 4237 ,
1230 4156 1475 4229 odium
1508 4156 1733 4252 plebis
1761 4163 1833 4232 &
1871 4162 2280 4256 primatum,
2325 4182 2667 4241 carceres,
2716 4161 2969 4256 flagra,
3026 4157 3269 4236 exilia,
3310 4175 3573 4226 mortes

877 4253 1253 4328 diriffimae.
1357 4259 1536 4344 Quae
1593 4260 1824 4328 cuncta
1881 4251 2293 4356 obsequioso
2342 4253 2588 4327 harum
2640 4279 2869 4329 rerum
2921 4249 3191 4328 silentio
3238 4249 3577 4324 redimere

875 4345 1278 4449 potuissent.
1377 4356 1537 4450 Jam
1577 4375 1746 4425 vero
1783 4375 1862 4426 ut
1899 4355 2062 4450 quis
2097 4347 2328 4426 sensus
2364 4350 2469 4425 sui
2491 4375 2781 4450 compos
2810 4349 2975 4424 talia
3012 4346 3263 4424 toleret
3288 4346 3383 4420 ob
3400 4371 3573 4422 con-

881 4470 966 4520 ce
1015 4467 1158 4518 tam
1181 4447 1416 4526 animo
1457 4447 1859 4544 opinionem
1893 4495 1916 4532 ,
1971 4445 2114 4522 fieri
2158 4445 2425 4522 fortass'e
2452 4447 2703 4547 possit=
2756 4469 2829 4522 at
2870 4469 2950 4522 ut
2974 4445 3069 4520 ob
3102 4442 3347 4520 falsum
3374 4437 3577 4542 quod

873 4541 950 4618 fa
985 4539 1132 4616 sum
1173 4539 1302 4617 esse
1345 4545 1530 4618 norit
1557 4567 1704 4616 tam
1733 4545 1900 4618 dura
1978 4546 2072 4618 ati
2113 4544 2286 4618 velit
2311 4591 2334 4628 ,
2390 4570 2533 4618 non
2568 4569 2745 4620 unus
2784 4543 3043 4644 aliquis
3084 4589 3107 4626 ,
3161 4537 3281 4615 sed
3307 4539 3573 4638 plures,

871 4660 1184 4736 quorum
1209 4638 1282 4710 id
1317 4638 1560 4716 falsum
1581 4641 1762 4720 credi
1789 4571 1976 4718 nihil
1997 4637 2254 4718 interfit
2271 4685 2296 4726 ,
2351 4665 2459 4715 res
2482 4641 2573 4716 est
2592 4641 2797 4742 plane
2810 4637 3259 4734 incredibilis.
3358 4629 3579 4746 Aliud

1071 4733 1252 4822 Tom-
1324 4741 1434 4820 ΙΙ.
2256 4741 2333 4818 ,8
2356 4731 2405 4814 s
2433 4730 2545 4813 ss
3343 4729 3573 4805 dicam
