4667 5442
698 495 1153 575 orssrtrtrto
1193 499 1617 582 ro1srorrcr.
1771 533 1845 612 ης

476 687 569 766 auo.
640 684 686 757 Ea
701 707 763 784 ego
780 686 815 756 in
832 680 984 757 universo
1000 685 1149 758 Rationis
1163 680 1314 760 thesattro
1331 686 1473 758 inveniri
1481 732 1495 767 ,
1520 711 1588 762 nott
1604 663 1756 770 arbitror.
1808 700 1848 772 εἰ

475 788 547 871 lint,
571 805 698 888 gratam
711 808 781 858 rem
797 783 935 858 fecerint
951 790 1022 857 Viri
1037 783 1244 859 eruditissimi
1261 810 1300 858 ea
1314 785 1472 860 eruendo.

595 886 707 961 xv11.
738 885 778 957 ln
798 905 929 983 promtu
944 883 1020 958 fitne
1040 885 1223 957 assertionis
1241 884 1336 980 hujus
1360 886 1475 960 noilrae
1495 890 1579 962 ratio
1597 889 1653 962 cll.
1705 896 1846 995 Qtippe

471 987 563 1062 Retio
582 984 735 1065 humana,
761 988 809 1057 uti
822 980 917 1081 supra
932 989 1081 1078 jecimus,
1106 1006 1227 1056 certam
1246 988 1409 1083 quandam
1425 988 1591 1060 adiionum
1611 985 1738 1063 suarum
1753 995 1841 1088 spire.

469 1111 539 1158 rem
557 1084 666 1166 habet,
690 1107 790 1180 quam
807 1109 874 1157 non
890 1086 1037 1165 excedit,
1059 1081 1119 1156 nist
1135 1081 1268 1158 aliunde
1285 1081 1455 1158 sublrmiua
1468 1091 1592 1162 evena.
1642 1089 1733 1161 intra
1750 1095 1840 1170 illam

471 1183 632 1285 sphaeram
651 1182 727 1256 fidei
747 1183 907 1277 mysteria,
936 1180 1144 1284 inscriptura
1164 1184 1326 1263 revelata.
1352 1210 1421 1259 non
1439 1192 1662 1262 continentur.
1736 1197 1840 1293 Quod

467 1288 550 1360 adeo
569 1310 685 1359 verum
701 1285 766 1363 est,
793 1304 829 1356 ut
849 1308 891 1355 ne
910 1287 1056 1356 Smalcites
1076 1285 1212 1383 quidem
1237 1281 1439 1358 dislimulare
1457 1286 1492 1356 id
1508 1293 1677 1385 potuerit;
1704 1298 1765 1386 qui
1781 1295 1839 1366 ad.

446 1412 452 1422 ·
469 1382 579 1459 versus
596 1386 789 1464 frantiam,
807 1380 939 1483 Disput.
955 1406 1006 1460 111.
1033 1387 1076 1456 de
1090 1388 1305 1457 sacramentis
1319 1410 1355 1483 p.
1375 1406 1459 1476 371.
1516 1394 1588 1458 Nos
1603 1412 1675 1458 vero
1690 1391 1841 1482 nitrosa-

466 1505 574 1566 tenrer,
598 1486 718 1582 inquit,
739 1486 871 1577 plurima
887 1483 937 1572 effe
949 1485 981 1553 iet
994 1487 1142 1577 Redgiorre
1160 1485 1336 1574 Christiane,
1357 1510 1418 1577 qrea
1436 1489 1597 1560 rationem
1611 1483 1775 1586 superent,
1794 1495 1835 1571 &r

464 1606 566 1657 remen
581 1586 660 1657 nobis
676 1583 893 1673 neceffariofint
903 1585 1041 1655 credenda
1059 1585 1093 1655 ob
1109 1587 1143 1656 r'd
1156 1585 1260 1677 ipsam,
1283 1587 1356 1676 qaia
1375 1592 1586 1683 quantumvis
1603 1591 1765 1664 rationem
1784 1588 1836 1666 su·

463 1706 591 1785 petent,
611 1706 711 1755 tamen
725 1688 761 1755 in
778 1680 873 1755 sacrir
886 1682 1004 1755 litteris
1024 1684 1155 1782 prodita
1172 1683 1292 1773 exstent.
1346 1687 1438 1757 Hinc
1455 1709 1519 1784 ego
1538 1683 1668 1778 inseto;
1704 1685 1834 1784 fifiepra

461 1788 605 1857 rationem
614 1785 696 1877 sent,
723 1782 876 1855 hasienus
893 1787 992 1856 etiam
1011 1804 1101 1855 extra
1117 1785 1252 1855 Rationis
1261 1784 1502 1879 jurisdiiiioncm
1517 1781 1600 1866 elle,
1625 1807 1663 1859 ut
1683 1792 1830 1864 emendi·

462 1910 537 1958 care
555 1885 573 1957 d
588 1887 712 1958 Ratione
715 1883 895 1979 steffragirem
910 1908 978 1957 non
998 1903 1191 1965 teneantur.
1224 1908 1296 1982 quo
1310 1881 1402 1958 suam
1414 1884 1582 1959 adstruant
1596 1888 1752 1963 Divinam
1772 1913 1830 1966 aa·

460 1990 640 2060 detumet.
1498 2053 1502 2060 .

577 2085 710 2159 xvttt.
746 2086 902 2157 Animalis
919 2086 1013 2166 bomo,
1040 2090 1176 2182 dorpaneo
1193 2085 1329 2172 ingonis,
1355 2086 1415 2181 qui
1434 2110 1501 2158 uon
1517 2081 1578 2157 nili
1592 2087 1740 2168 arincam,
1761 2083 1828 2165 lire

458 2203 584 2257 mentem
600 2180 708 2265 snam,
738 2206 798 2281 pro
817 2189 982 2282 principio
997 2179 1124 2254 suarum
1142 2187 1305 2256 adlionum
1328 2181 1452 2265 habet,
1488 2210 1546 2257 non
1561 2188 1684 2279 percipit
1705 2213 1742 2257 ea
1765 2213 1829 2281 qua

447 2286 522 2377 fient
536 2286 666 2379 Spiritus
679 2286 766 2372 Dei,
801 2285 961 2355 excedunt
980 2285 1234 2356 ratiocinationis
1257 2280 1319 2358 suae
1340 2307 1491 2384 captum,
1526 2294 1562 2359 dt
1574 2292 1826 2382 „quantumvis

456 2390 610 2463 enitatur,
635 2407 691 2454 nm
700 2383 792 2478 potest
806 2385 982 2477 cognoscere,
1010 2403 1045 2454 ut
1059 2386 1123 2455 rite
1140 2384 1182 2455 de
1196 2388 1239 2454 iis
1256 2386 1393 2480 judicet.
1441 2388 1574 2474 Quare?
1605 2392 1649 2455 iu
1671 2421 1825 2471 „waere-

455 2497 510 2555 κῦι
526 2492 705 2574 deceptum,
729 2486 801 2575 quie
815 2482 1009 2576 spiritualiter
1019 2483 1230 2578 dijudicantur.
1277 2483 1451 2558 Pertinent
1472 2488 1515 2556 ad
1525 2485 1719 2571 [redimerem
1735 2487 1822 2581 spira

455 2608 543 2665 ram,
564 2586 606 2655 ad
619 2608 721 2680 quam
734 2585 869 2654 Rationis
886 2584 1040 2652 axiomata
1063 2605 1131 2654 non
1146 2586 1325 2679 pertinent.
1363 2606 1378 2659 t
1398 2585 1480 2659 Cor.
1497 2609 1535 2657 ιι.
1561 2608 1620 2681 14.
1661 2587 1822 2688 cirpfitsto·

454 2709 548 2759 utus:
579 2693 731 2775 rieepflaslere
752 2692 805 2775 peip
818 2693 906 2752 siveris
927 2689 963 2749 ro*
977 2692 1094 2766 μέγεθος
1109 2696 1142 2751 ire
1158 2694 1246 2753 noxii
1266 2694 1307 2753 τέ
1328 2697 1459 2776 erpsorros
1474 2697 1525 2766 riis
1548 2691 1685 2778 n‘peecipes
1707 2693 1825 2758 detersisse

453 2795 506 2865 rtis
528 2800 681 2857 irritetur.

575 2882 687 2957 XIX.
719 2880 893 2981 Eleganter
909 2878 1054 2978 Apostoli
1067 2900 1213 2978 mentem
1231 2879 1392 2970 Meſsalas
1404 2880 1575 2980 exposuit,
1604 2889 1698 2978 cujus
1716 2881 1818 2959 verba

449 2980 928 3173 Riiitgiltititi‘n
941 2978 1815 3166 cdliii2<flii'5l.,li'tl'i'llili'lliitiz

447 3179 641 3276 prtrslnmter
663 3177 756 3246 omnis
767 3196 886 3246 conates
901 3176 1071 3266 fiapimtem
1084 3173 1175 3263 brejas
1191 3176 1294 3245 mmdi
1313 3176 1346 3245 in
1365 3176 1450 3246 rebus
1468 3178 1541 3247 Dei.
1602 3179 1680 3247 Nec
1696 3177 1816 3274 potest,

450 3281 558 3372 inquit,
587 3269 791 3372 cognoscere.
841 3275 986 3368 Ergorsdi
997 3277 1134 3343 animalis
1151 3276 1235 3344 borno
1249 3294 1372 3346 conarer
1391 3278 1433 3345 ad
1449 3276 1637 3369 cognitimem
1649 3276 1812 3371 pertingere
1843 3339 1847 3350 .

450 3382 543 3474 Regni
559 3380 629 3449 Cleri
651 3379 673 3455 i,
690 3374 807 3466 fielira
819 3374 955 3446 taboret,-
995 3374 1048 3444 ebi
1061 3378 1095 3443 de
1108 3372 1193 3443 redes
1209 3376 1339 3465 Spiritus
1356 3373 1482 3467 disputat
1492 3424 1504 3457 ,
1516 3378 1642 3471 garritr
1674 3376 1725 3447 ali
1736 3397 1809 3470 pro-

450 3483 581 3555 nunciet.
603 3477 769 3560 mmtitar‚·
792 3474 887 3547 aiiin
904 3475 1048 3567 Religiene
1056 3473 1188 3565 statuit,
1208 3475 1380 3545 temerarius
1396 3473 1447 3558 esi.

572 3581 655 3651 XX.
686 3578 769 3649 Non
784 3571 902 3649 inutile
917 3577 979 3646 erit
994 3581 1028 3646 δι
1046 3599 1084 3646 ea
1104 3568 1303 3671 subiungere
1321 3597 1397 3670 quae
1412 3570 1658 3647 Celeberrimos
1674 3576 1809 3673 Coceejtrc

448 3677 746 3754 commentatusest
761 3678 802 3746 ad
827 3698 838 3746 r
861 3678 952 3747 Tim.
967 3693 1006 3745 rt.
1028 3696 1083 3770 14
1119 3681 1147 3763 §.
1162 3690 1251 3747 rix.
1306 3676 1563 3766 ldproprerqeod
1583 3694 1707 3748 amarer
1721 3681 1808 3751 Derer

445 3779 468 3854 ὶ
481 3798 638 3874 peccatore,
665 3782 704 3855 ά
717 3801 776 3868 quo
789 3783 875 3847 Deus
883 3774 1067 3870 giorpieatrrr
1080 3794 1116 3846 er
1121 3771 1475 3870 jesfieansintprabrrm,
1488 3777 1531 3853 όν
1546 3773 1636 3868 ipson
1646 3778 1719 3848 illud
1729 3779 1809 3868 qaod

444 3883 561 3974 cognite
578 3876 824 3969 recesserimus,
845 3896 881 3948 ret
896 3882 981 3947 Deus
999 3870 1179 3966 cognoscatur
1191 3871 1335 3967 sapienter
1361 3877 1399 3953 (r
1417 3897 1487 3946 cem
1499 3874 1733 3968 emitritaeon
1743 3875 1803 3972 jer·

434 3980 526 4075 stitia
535 3977 596 4069 sae
605 3974 767 4072 justificare
785 3976 968 4070 improbam,
990 3995 1089 4068 nempe
1104 3980 1208 4044 Deam
1227 3975 1331 4045 boine
1338 3975 1462 4064 filiam,
1495 3978 1535 4053 ῤ’
1555 3999 1623 4047 erem
1642 3976 1693 4065 effe
1710 3979 1802 4052 cdri-

432 4079 533 4176 stem,
558 4102 626 4151 non
642 4071 845 4173 cognoscitur
859 4101 898 4148 ex
915 4080 953 4147 iis
976 4081 1033 4171 qui
1051 4078 1086 4144 in
1105 4092 1174 4145 toro
1192 4078 1315 4148 mundo
1331 4071 1423 4155 sunt,
1448 4099 1589 4172 quaeque
1602 4077 1637 4148 in
1653 4100 1695 4150 eo
1706 4071 1800 4158 fiunt,

442 4203 554 4277 neque
570 4174 660 4250 senlu
673 4198 728 4249 ant
739 4177 881 4250 Ratione
893 4173 1166 4274 deprehenditur,
1189 4172 1243 4245 sed
1259 4175 1305 4246 est
1325 4174 1512 4267 mysterium
1523 4178 1613 4272 quod
1629 4174 1799 4249 revelatio·

439 4305 486 4353 ne
501 4303 582 4377 opus
601 4276 711 4350 haber.
762 4279 856 4379 Qud
871 4275 1026 4369 Apostolus
1044 4293 1135 4346 vetat
1152 4274 1339 4368 mysterium
1351 4277 1418 4345 Dei
1439 4279 1541 4348 Patris
1559 4285 1596 4352 dt
1612 4276 1748 4354 Christi,
1767 4278 1799 4348 in

438 4381 585 4476 qao-dicit
597 4402 733 4454 omnem
749 4373 941 4480 sapientiam
956 4384 990 4454 δι
1006 4376 1215 4478 prudentiam
1233 4378 1394 4454 contineri
1406 4373 1640 4453 absconditam.
1668 4374 1798 4451 Colit.

1123 4500 1141 4548 1
1168 4500 1186 4574 3
1284 4557 1288 4564 1
1698 4494 1737 4557 2·
1760 4497 1797 4570 3⁸
