4667 5442
442 398 455 430 Ἀ

561 502 660 630 366
802 428 1724 591 nxnnmmoxtv.

556 672 777 771 providentia
797 665 1017 753 effellurum‚
1045 691 1085 760 ut
1106 672 1223 742 omnia
1243 668 1434 754 obstacula,
1463 696 1502 743 ea
1519 672 1621 743 etiam
1641 694 1722 767 quae
1740 658 1921 767 insupera-

557 772 641 844 bilia
661 769 770 843 videri
792 764 944 866 pollent,
971 767 1139 840 tollantur
1160 791 1178 837 e
1202 767 1347 851 medio,
1375 767 1565 867 &populo
1584 762 1647 841 suo
1672 767 1731 839 via
1751 766 1863 863 plana
1880 759 1918 838 stt

557 868 602 941 ad
622 867 865 940 liberationem
896 865 943 937 ibi
960 858 1172 963 promillam.
1417 926 1421 931 .

654 966 803 1035 XLVII.
856 967 977 1052 Qum
999 963 1116 1056 itaque
1142 960 1279 1033 oracula
1302 958 1505 1058 Prophetica
1526 958 1571 1033 de
1590 985 1626 1035 re
1654 986 1699 1033 no
1724 955 1861 1034 Christi
1882 960 1918 1033 δι

584 1060 802 1133 raedicatione
824 1057 1024 1153 Evangelii,
1051 1082 1112 1153 per
1132 1055 1252 1129 omnes
1270 1060 1390 1131 mundi
1413 1059 1568 1129 nationes
1593 983 1848 1139 dilfundendm
1874 1056 1917 1130 il·

558 1086 745 1234 limitatam
758 1151 1045 1226 universalitatem
1068 1177 1129 1223 nec
1156 1155 1314 1251 exigant,
1342 1180 1403 1228 nec
1424 1153 1552 1234 ferant,
1579 1178 1693 1251 neque
1710 1155 1850 1226 intraA
1873 1178 1917 1244 o-

558 1253 727 1330 stolorum
746 1272 882 1323 aetatem
903 1250 1099 1324 coarstanda
1124 1244 1216 1322 sint:
1252 1257 1372 1339 Qtum
1401 1248 1579 1347 Apostoli,
1607 1245 1766 1348 quisine
1805 1179 1915 1322 dubio

559 1350 713 1425 mentem
734 1348 911 1421 Dominici
931 1346 1084 1418 mandari
1104 1346 1212 1441 probe
1236 1344 1371 1418 allocuti
1392 1342 1468 1419 sunt
1490 1391 1501 1428 ‚
1535 1372 1609 1419 non
1630 1346 1668 1418 id
1689 1340 1797 1444 egille
1821 1372 1915 1421 com·

490 1482 492 1490 ·
562 1448 738 1546 petiantut
756 1467 796 1516 ut
815 1468 936 1515 omnes
958 1439 1025 1513 stne
1045 1444 1247 1537 exceptione
1268 1467 1371 1515 terras
1384 1465 1620 1540 peragrarent:
1648 1445 1685 1515 &
1704 1464 1913 1516 tamenante

560 1539 757 1616 absolutum
778 1538 952 1612 ministerii
976 1533 1026 1610 sui
1048 1538 1254 1612 curriculum
1276 1539 1502 1636 Evangelium
1521 1542 1617 1612 omni
1638 1564 1718 1636 quae
1739 1535 1804 1611 sub
1830 1538 1914 1615 coelo

561 1638 609 1712 est
627 1660 787 1712 creaturae
805 1636 1027 1734 praedicatum
1048 1631 1110 1706 elle
1128 1630 1329 1708 allevarent:
1357 1642 1478 1726 Qturn
1498 1660 1542 1707 ex
1555 1638 1622 1707 Dei
1636 1660 1716 1735 erga
1723 1658 1839 1733 genus
1852 1635 1913 1708 hu·

560 1760 702 1808 manum
723 1733 838 1805 favore
861 1757 932 1804 non
957 1727 1147 1829 sequatur,
1175 1733 1403 1830 Evangelium
1429 1728 1723 1828 omnibulspsrmul
1751 1732 1913 1830 gentibus

557 1832 741 1932 praedicari
767 1828 912 1912 debere,
939 1853 1052 1925 neque
1072 1827 1110 1900 id
1128 1829 1164 1899 in
1191 1827 1281 1901 hunc
1302 1824 1410 1926 usqne
1429 1829 1523 1899 diem
1546 1828 1672 1901 factum
1694 1823 1760 1899 elle
1789 1850 1911 1926 pateat:

562 1936 684 2019 Quum
709 1951 748 1998 ea
773 1951 851 2024 quae
869 1928 912 1997 de
932 1924 1107 2022 Apostolis
1128 1926 1248 1997 orbern
1270 1927 1357 1998 inter
1374 1920 1408 1996 se
1433 1946 1599 1997 terrarum
1625 1926 1762 2023 partitis
1798 1926 1912 1999 Eccle-

339 2046 342 2054 ‘
438 2094 440 2100 ,
562 2023 687 2101 srastica
707 2023 845 2097 tradunt
868 2043 1112 2102 monumenta,
1139 2024 1264 2117 partim
1286 2025 1435 2103 incerta,
1463 2021 1631 2093 nonnulla
1650 2046 1775 2120 parum
1792 2024 1912 2119 proba·

563 2123 670 2205 bilia,
696 2121 814 2218 aliqua
836 2121 938 2192 etiam
959 2140 1074 2215 aperte
1097 2113 1179 2192 falsa
1204 2115 1284 2191 fint:
1311 2123 1431 2206 Quum
1446 2117 1633 2214 Apostolos
1656 2124 1691 2193 in
1715 2121 1909 2192 American

565 2218 738 2318 profeelos
749 2264 760 2299 ‚
787 2215 904 2288 nullus
926 2240 1080 2312 unquam
1100 2237 1254 2288 veterum
1271 2216 1415 2288 dixerit:
1444 2219 1564 2297 Quum
1573 2215 1653 2291 {ulla
1668 2238 1761 2289 certa
1778 2216 1912 2315 vestigia

562 2314 771 2414 Apostolicae
791 2312 1046 2409 praedicationis
1064 2314 1100 2384 in
1120 2314 1278 2386 America
1297 2315 1434 2385 inventa
1449 2307 1512 2382 elle
1530 2337 1598 2383 non
1611 2310 1762 2398 constet3
1788 2318 1910 2410 &que

560 2432 602 2485 ut
620 2413 701 2486 talia
721 2410 922 2491 laudantur,
950 2408 1006 2482 vel
1023 2408 1105 2481 talia
1130 2434 1200 2481 non
1215 2405 1299 2491 sint,
1325 2408 1383 2480 vel
1399 2404 1555 2505 suspe&ae
1572 2405 1673 2491 fidei,
1702 2408 1762 2481 vel
1773 2412 1911 2484 eviden-

562 2529 615 2582 ter
635 2505 708 2580 fieta
719 2537 729 2587 ;
757 2513 877 2597 Quum
896 2507 1053 2578 America
1070 2506 1141 2595 ejus
1158 2508 1267 2578 aetatis
1287 2504 1486 2578 hominibus
1511 2507 1649 2602 cognita
1674 2531 1746 2578 non
1767 2506 1902 2589 fuerit,

563 2599 625 2676 nisr
645 2604 732 2676 forte
752 2600 892 2677 obscura
913 2601 1028 2699 aliqua
1049 2603 1225 2676 auditione
1242 2601 1469 2700 paucissimis:
1497 2607 1618 2690 Qum
1639 2604 1728 2675 ma'ri
1745 2605 1911 2678 adirinon

563 2701 718 2795 potuerit
731 2702 778 2771 ob
798 2698 962 2770 Atlantici
990 2700 1122 2771 Oceani
1155 2695 1321 2771 immensa
1353 2694 1479 2795 spatia,
1517 2697 1748 2788 &defectum
1775 2727 1800 2800 p
1854 2702 1910 2773 'dis

565 2795 735 2868 nauticae:
763 2800 882 2882 Quum
900 2793 1049 2865 terrestre
1070 2796 1135 2866 iter
1155 2794 1318 2867 omnibus
1337 2794 1442 2866 hodie
1453 2820 1542 2867 nunc
1562 2796 1664 2871 nostri
1692 2798 1793 2872 orbis
1802 2725 1910 2872 linri-

563 2891 667 2963 nibus
689 2891 904 2989 incognitum
929 2884 995 2959 stt:
1025 2894 1143 2978 Qtum
1163 2890 1348 2987 Apostolos
1363 2918 1424 2986 per
1450 2900 1562 2963 abrem
1594 2913 1732 2989 raptem
1755 2918 1827 2970 ,aut
1850 2895 1908 2968 alio

549 2990 692 3086 =quoxis
714 2980 913 3084 portentoso
932 2985 1041 3055 modo
1061 2990 1201 3067 vestos,
1239 3011 1345 3057 nemo
1369 2984 1429 3058 nist
1459 2984 1525 3059 sme
1557 2991 1678 3063 avibus
1705 3015 1909 3091 augeretur:

565 3080 805 3181 consequitur,
832 3081 937 3178 longe
957 3077 1174 3153 verisimilius
1199 3106 1259 3154 eos
1278 3078 1471 3181 disputare,
1509 3086 1570 3182 qui
1602 3086 1858 3183 Apostolorum
1882 3091 1910 3161 in

566 3179 1027 3353 &mericaffprofestionem
1045 3178 1312 3277 improbabilem
1334 3180 1550 3263 existimant,
1579 3207 1686 3279 quam
1716 3188 1787 3283 qui
1810 3181 1911 3261 confi·

593 3302 722 3354 entera
749 3299 859 3351 erunt.

386 3369 521 3467 mm·
665 3381 833 3450 XLVIII.
886 3372 1072 3447 Concludo
1093 3376 1210 3472 magni
1227 3380 1376 3449 Vonrn
1404 3373 1506 3449 nostri
1530 3377 1665 3460 verbis,
1703 3401 1911 3479 quaequam

382 3447 530 3673 lili
551 3468 965 3666 -llldi‘llnillmi'
1016 3470 1277 3642 linoln
1292 3477 1438 3663 {zolii
1460 3473 1661 3660 llluu.
1684 3479 1913 3671 llum:

388 3622 403 3659 e
432 3616 548 3663 murro.
694 3624 703 3643 ·
891 3622 901 3641 ·
957 3620 966 3640 ⁰
1649 3628 1657 3644 ·

567 3663 691 3757 definite
705 3668 827 3739 nomine
839 3665 1011 3753 insularum
1029 3672 1107 3739 Gen
1126 3690 1172 3737 x:
1202 3684 1236 3755 ς.
1263 3692 1332 3739 cum
1357 3666 1427 3738 aliis
1444 3668 1591 3756 insulam}
1615 3671 1753 3765 intelligi
1776 3664 1910 3769 poffinu)

457 3809 471 3836 0
538 3790 609 3840 ‘ne
628 3783 696 3838 tum
714 3768 840 3861 quidem
861 3786 956 3860 quum
977 3758 1192 3858 prenniano
1218 3766 1261 3835 (φ
1293 3760 1425 3845 historin
1449 3770 1487 3838 de
1509 3769 1674 3841 vocatione
1698 3772 1851 3862 genriton
1870 3790 1912 3841 m·

565 3858 736 3950 censentur.
787 3860 892 3934 Nulla
912 3864 1042 3957 antiqua
1065 3858 1286 3956 Geographia,
1310 3862 1393 3932 nulla
1413 3862 1543 3946 historia
1564 3865 1703 3938 Politica
1730 3884 1791 3939 atur
1813 3862 1911 3942 Eccle-

562 3956 707 4051 Μία,
731 3981 841 4030 eurtum
856 3960 1009 4028 meminit.
1040 3956 1176 4030 Nullius
1192 3960 1393 4040 traditione,
1418 3959 1909 4059 nnuinfnmnwoooaoen'm

566 4055 720 4129 nullorum
738 4072 1006 4128 monumentorum
1020 4050 1149 4146 vestigia
1165 4057 1201 4125 in
1222 4054 1380 4128 alterutro
1396 4063 1507 4131 mundo
1523 4059 1670 4131 hamno
1688 4078 1822 4156 reperta
1838 4059 1911 4150 stou.

566 4150 682 4252 quibus
704 4158 742 4225 de
762 4170 873 4224 mutua
891 4154 1062 4245 cognitione
1081 4153 1126 4224 ὠ·
1153 4158 1353 4232 commercio,
1371 4151 1487 4241 fizltem
1512 4157 1589 4228 olim
1619 4152 1749 4238 habito,
1770 4161 1912 4232 edocere·

567 4274 648 4325 mur.
698 4250 801 4347 Qod
822 4247 898 4338 fitne
917 4254 1001 4323 inter
1030 4252 1244 4331 admiranda,
1278 4254 1427 4332 Divina,
1451 4253 1637 4335 naturalia,
1661 4254 1821 4336 omnm,
1844 4251 1914 4329 miii

562 4346 685 4441 sennper
709 4349 872 4418 admodum
899 4342 1048 4421 mirabile
1068 4344 1172 4437 oiston
1189 4344 1255 4431 est:
1280 4352 1322 4419 nd
1351 4354 1432 4445 qnod
1457 4354 1571 4423 mnino
1598 4350 1781 4425 exclamare
1800 4352 1913 4429 liceat,

566 4434 821 4518 Ηέθθπλέπ
845 4446 915 4519 &a
939 4450 1034 4523 Rom.
1048 4468 1121 4523 xa:
1149 4459 1210 4540 3‘3.
1261 4446 1428 4543 Qulatti
1438 4448 1596 4533 mitetur,
1610 4447 1685 4547 jan
1699 4448 1775 4523 inde
1791 4445 1914 4623 mpii

1665 4745 1673 4780 1
1728 4730 1734 4743 .
