4667 5442
1336 759 1510 874 ⁵490
2025 763 3049 847 Exstant-tarro
3148 755 3403 836 XIX.

1353 909 1606 980 Imztur
1633 927 1757 1002 per
1817 897 2065 974 ratiam
2085 898 2377 998 Spiritus
2396 893 2887 971 sanetificantis.
2935 895 3335 993 Utrumque
3392 889 3809 992 obsignatur
3848 897 4021 996 Bap-

1359 1005 1602 1082 tifmo.
1649 1004 1758 1076 De
1828 1001 1998 1074 riori
2021 1001 2260 1074 Petrus
2288 999 2753 1072 concionatur
2770 999 2919 1072 Ast.
2944 1019 2977 1074 1
2996 1017 3057 1074 1:
3088 1017 3123 1086 3
3140 1007 3205 1082 8.
3238 1001 3349 1069 De
3377 995 3745 1096 posteriori
3772 997 4023 1071 Paulus

1361 1105 1596 1180 scribit
1611 1103 1784 1201 Eph.
1803 1127 1888 1176 v:
1921 1115 2044 1190 26,
2065 1122 2188 1195 27.
2237 1101 2636 1197 Utrumque
2662 1097 2958 1192 junCtim
2986 1099 3411 1194 proponitur
3452 1125 3515 1176 1.
3538 1098 3711 1170 Cor.
3730 1125 3777 1168 v
3796 1121 3827 1172 1
3857 1125 3878 1168 ε
3916 1127 3943 1176 1
3966 1121 4021 1178 1.

1363 1206 1488 1284 Sed
1511 1207 1790 1284 AnLu‘n
1827 1203 1968 1290 estis
1987 1250 2012 1290 ,
2040 1201 2149 1292 scd
2173 1201 2697 1278 Smcnnca‘n
2745 1196 2905 1272 efiis
2926 1247 2951 1284 ‚
3001 1197 3111 1288 sed
3136 1203 3599 1296 Jusrmcur
3632 1197 3789 1286 estis
3818 1203 3893 1274 in
3920 1225 4027 1274 ao-

1370 1311 1542 1384 mine
1573 1308 1854 1382 Domini
1873 1304 2086 1398 jesu,
2121 1306 2209 1378 Φ·
2233 1303 2681 1398 perspiritum
2705 1303 2849 1373 Dei
2874 1299 3093 1383 nostri.

1179 1378 1344 1524 *ἐξ
1667 1405 1874 1477 ΧΙΧ.
1936 1400 2226 1476 Ablutio
2265 1401 2499 1496 itaque
2532 1401 2797 1500 peccati
2850 1399 3060 1472 etiam
3097 1397 3365 1494 peccati
3396 1395 4029 1476 mortificationem

993 1481 1208 1543 ‘mm'
1371 1504 1908 1604 complectitur,
1936 1527 2022 1574 ne
2038 1503 2233 1576 vivat
2255 1501 2555 1600 amplius
2582 1501 2645 1572 &
2666 1521 2927 1598 regnet.
2955 1501 3173 1572 Rom.
3200 1520 3322 1569 v1:
3350 1509 3420 1572 6.
3544 1499 4025 1574 Mortificatio

1369 1606 1638 1707 peccati
1669 1602 1758 1676 est
1793 1599 2183 1675 vivificatio
2217 1603 2282 1674 &
2311 1623 2837 1679 REGENERATIO
2881 1599 3132 1674 animae
3163 1598 3601 1694 peccatricis,
3684 1626 3857 1699 quae
3882 1626 4029 1676 non

1371 1705 1502 1782 nifi
1529 1704 1821 1777 notione
1848 1703 2076 1800 aliqua
2107 1704 2179 1776 δε
2207 1699 2521 1798 εεΓΡεέὶιι
2555 1726 2600 1772 a
2648 1699 3199 1774 mortificatione
3225 1699 3490 1794 peccati
3554 1698 4031 1800 distinguitur.

1373 1807 1602 1902 Atque
1628 1803 1824 1876 istam
1849 1827 2138 1901 quoque
2167 1799 2521 1899 Baptismo
2554 1795 2931 1899 obfignari,
2952 1825 3041 1872 ex
3058 1825 3145 1872 eo
3178 1797 3484 1885 constat,
3530 1799 3733 1898 quod
3772 1801 4033 1900 Baptis-

1373 1930 1538 1982 mus
1565 1923 1858 1979 vocetur
1881 1905 2221 1976 lavacrum
2267 1903 2791 1997 regenerationis,
2878 1897 2957 1986 ἁ
2979 1903 3404 1975 renovationis
3450 1905 3751 1996 Spiritus
3788 1907 4023 1982 Sanffi.

1371 2005 1516 2080 Tit.
1553 2029 1580 2080 1
1601 2031 1632 2082 1
1653 2033 1723 2082 1.-
1760 2027 1822 2097 5.
1857 2003 2423 2104 Regenerationis
2441 2001 2731 2074 nomine
2762 2001 3189 2102 intelligitur,
3203 1998 3451 2074 infufio
3488 2005 3663 2075 vitae
3716 2001 4029 2102 spiritua-

1364 2105 1472 2193 lis,
1493 2130 1652 2203 quae
1668 2102 1964 2178 nascitur
1985 2130 2070 2175 ex
2090 2103 2288 2202 supra
2315 2128 2353 2173 a
2382 2099 2589 2173 nobis
2616 2101 2886 2173 laudata
2911 2101 3423 2174 communione
3440 2101 3691 2174 Christi
3723 2107 4025 2196 mortui,

1363 2209 1428 2279 ἃ
1461 2222 1801 2278 exmorte
1827 2203 2142 2279 suscitati.
2173 2205 2267 2274 Ea
2293 2223 2527 2274 autem
2549 2203 2691 2274 vita
2721 2199 3133 2274 considerari
3164 2201 3413 2298 potest,
3476 2203 3585 2273 vel
3626 2205 3877 2300 quoad
3898 2207 4031 2306 pri-

1361 2329 1570 2380 mum
1595 2303 1694 2378 sui
1714 2305 2022 2390 initium,
2055 2301 2343 2400 quando
2362 2299 2584 2375 adhuc
2613 2303 2685 2372 in
2706 2327 2897 2372 mera
2917 2301 3219 2374 confistit
3250 2299 3753 2388 facultate,five
3785 2307 4033 2380 intrin-

1364 2406 1512 2480 seca
1541 2405 1795 2479 animae
1818 2403 2343 2488 constitutione,
2360 2427 2498 2499 qua
2522 2423 2679 2501 apta
2698 2421 2854 2473 nata
2874 2401 2987 2488 est,
3015 2399 3257 2498 pofitis
3286 2401 3660 2498 ponendis,
3714 2407 4029 2482 actiones

1365 2505 1664 2580 exserere
1689 2531 1848 2604 quae
1877 2505 2128 2578 Deoin
2161 2503 2424 2577 Christo
2458 2522 2665 2604 gratae
2712 2500 2901 2580 sunt3
2981 2503 3099 2573 vel·
3128 2500 3363 2598 quoad
3398 2501 3496 2573 sui
3533 2505 3982 2604 progressum
4006 2558 4033 2595 ,

1367 2631 1595 2704 quum
1625 2605 1953 2679 vitalibus
1971 2603 2363 2678 actionibus
2392 2604 2552 2676 Deo
2573 2601 2643 2676 se
2667 2607 2731 2680 &
2752 2600 3163 2676 hominibus
3184 2600 3471 2702 probat.
3572 2605 3749 2694 Qa
3808 2607 3905 2682 de
3962 2635 4033 2684 re

1373 2706 1538 2780 alibi
1571 2732 1610 2778 a
1644 2705 1853 2778 nobis
1891 2706 2163 2804 prolixe
2183 2711 2417 2778 aetum
2447 2703 2563 2776 est.

997 2851 1112 2911 xx
1177 2865 1216 2918 4
1269 2846 1353 2908 E,
1577 2807 1746 2884 XX.
1797 2807 2019 2880 Porro
2049 2803 2468 2906 significatur
2486 2801 2719 2878 &obfi
2765 2822 2963 2877 natur
2984 2797 3337 2902 Ba‘ptifino
3386 2799 3548 2877 felix
3594 2807 3909 2884 emersio
3952 2833 4031 2884 ex

929 2905 936 2912 ’
995 2892 1200 2996 nefa,
1220 2889 1310 2986 ἐκ
1378 2903 1710 2977 omnibus
1725 2906 1928 2996 hujus
1949 2907 2116 2977 vitae
2146 2903 2645 2980 calamitatibus
2665 2955 2692 2992 ,
2718 2831 3053 3001 beataque
3076 2903 3403 3000 omnium
3420 2904 3627 2998 hujus
3656 2907 3877 2984 seculi
3916 2907 4035 2986 dif-

994 3007 1278 3102 napibus·
1375 3001 1766 3076 ficultatum
1791 3004 2134 3102 superatio
2151 3033 2175 3084 3
2227 3024 2434 3102 atque
2462 3005 2637 3076 adeo
2666 3005 2803 3102 ipsa
2826 3027 3327 3084 RESURRECTIO
3352 3007 3661 3104 gloriosa
3690 3009 3779 3083 ad
3810 3013 4029 3086 vitam

995 3090 1346 3226 bhss‘g'ffu
1381 3121 1752 3192 aeternam,
1785 3102 1870 3174 ad
1899 3105 2296 3203 exemplum
2333 3105 2569 3176 Christi
2600 3105 2928 3176 Domini.
2966 3103 3169 3180 conf.
3222 3132 3281 3182 1.
3318 3105 3461 3179 Pet.
3506 3136 3535 3184 1
3558 3133 3587 3181 1
3614 3129 3643 3180 1
3684 3135 3705 3180 ε
3740 3135 3875 3200 20,
3912 3137 4031 3192 21.

993 3187 1156 3308 aa,
1183 3185 1356 3316 (ᾖε,
1381 3203 1598 3278 Κοιῇ.
1627 3223 1718 3276 v1
1742 3231 1764 3273 z
1797 3225 1834 3296 3
1855 3253 1882 3268 -
1899 3229 1972 3296 9.
2025 3205 2296 3278 Omnia
2318 3205 2470 3278 haec
2486 3256 2511 3291 ,
2542 3209 2617 3280 &
2642 3203 2690 3274 si
2713 3229 2869 3302 qua:
2890 3205 2970 3274 iis
3002 3203 3159 3276 sunt
3194 3231 3455 3279 annexa
3478 3259 3505 3296 ,
3546 3205 4031 3310 significantur

981 3289 1280 3410 jand-m
1381 3305 1444 3376 δι
1469 3298 1928 3404 obsignantur
1947 3303 2302 3402 baptizatis
2336 3303 2751 3383 infantibus.
2820 3305 2883 3374 δι
2905 3303 3191 3402 quidem
3236 3331 3403 3378 cum
3444 3335 3521 3382 ea
3548 3305 3929 3388 bonorum
3970 3315 4025 3388 ἃ

995 3427 1078 3472 aar
1131 3419 1348 3474 morte.
1373 3400 1716 3504 graduum
1745 3403 2141 3479 excellentia
2159 3431 2322 3502 quae
2346 3405 2575 3480 Novo
2594 3405 3033 3480 Testamento
3078 3405 3363 3504 propria
3391 3410 3501 3485 est.
3574 3411 3672 3484 Et
3698 3411 4029 3490 hac‘kenus

1371 3501 1784 3578 orthodoxi
1821 3503 2289 3580 contendunt.

997 3683 1158 3746 XXI.
1179 3683 1310 3740 Ha-

995 3759 1247 3918 ss'fftffi
1371 3831 1458 3877 ne
1477 3805 1650 3876 dieta
1681 3803 1859 3890 sunt,
1879 3803 2237 3906 fignificari
2257 3809 2320 3878 δι
2350 3802 2693 3906 obfignari
2712 3807 2784 3877 in
2804 3801 3143 3879 fututum.
3176 3809 3619 3880 communio
3642 3839 3815 3888 cum
3838 3815 4027 3890 Chri-

996 3938 1168 3980 mum
1189 3919 1286 3974 hu·
1371 3905 1470 3977 sto
1501 3905 1564 3976 δε
1595 3928 1894 4002 corpore
1923 3903 2130 4002 ipsius
2191 3905 2499 3998 mystico
2529 3907 2601 3979 in
2631 3903 2855 3980 electis
2886 3903 3257 3980 infantibus
3291 3905 3735 4006 Baptismum
3762 3936 4025 3990 antece-

998 3993 1344 4076 vrdetureffe
1377 4003 1530 4076 dere
1554 4001 1824 4076 videtur
1841 4035 1861 4087 3
1883 4005 2130 4078 saltem
2147 4003 2411 4100 judicio
2444 4007 2805 4090 charitatis.
2840 4003 3408 4106 Paedobaptismo
3428 4011 3627 4084 enim
3652 4016 3759 4087 uti
3793 4013 4023 4088 funda-

999 4079 1330 4218 “27222220
1371 4123 1693 4176 mentum
1719 4103 2142 4202 substruitur.
2191 4105 2365 4180 Hoc
2382 4107 2503 4202 qui
2556 4134 2642 4206 pe
2670 4125 3082 4205 argumento
3106 4105 3353 4205 paffim
3394 4133 3493 4226 pu
3544 4133 3757 4187 natur
3776 4113 3871 4188 ab
3894 4117 4025 4190 Or-

999 4179 1140 4302 zm
1175 4239 1348 4297 ehri-
1376 4203 1750 4276 thodoxis:
1785 4205 1868 4277 ad
1889 4232 2066 4302 quos
2085 4205 2379 4304 pertinet
2398 4206 2487 4280 foe
2540 4235 2617 4280 us
2640 4206 2909 4306 gratiae,
2944 4207 3017 4280 ὅτ
3038 4232 3461 4282 communio
3546 4213 3765 4304 bristi,
3820 4236 4043 4312 atque·

985 4317 1080 4400 sto
1119 4315 1342 4399 Baptiss
1373 4301 1720 4392 Ecclesiae,
1745 4307 1808 4380 &
1837 4331 2142 4404 quorum
2160 4305 2250 4378 est
2269 4331 2563 4406 regnum
2586 4307 2961 4394 coelomm,
2981 4333 3101 4381 eos
3116 4329 3401 4408 oportet
3430 4307 3795 4409 baptizari.
3816 4317 4021 4418 Atqui

1001 4419 1316 4546 ῗῖεῗαὲΰ·
1369 4403 1784 4478 haecomnia
1811 4403 2184 4480 infantibus
2213 4407 2481 4494 electis,
2518 4405 3115 4484 &foederatiscom
3168 4427 3387 4484 etunt.
3426 4411 3703 4512 Operae
3721 4417 4025 4516 pretium

1583 3605 1790 3678 XXI.
1841 3609 1928 3679 At
1961 3631 2171 3704 quem
2203 3626 2561 3685 ORDINEM
2602 3603 2843 3678 omnia
2864 3603 2950 3677 ad
2964 3607 3057 3678 Ba
3110 3603 3745 3686 tismumhabent?
3792 3613 4023 3688 Palam

1373 3704 1460 3778 est
1484 3731 1560 3779 ea
1576 3729 1734 3804 quae
1765 3704 1849 3776 de
1863 3705 2258 3805 superandis
2281 3709 2485 3801 hujus
2506 3708 2673 3780 vitae
2694 3629 3195 3779 calamitatibus
3222 3705 3555 3805 beataque
3576 3711 4023 3788 resurreetio-

1373 4503 2055 4586 estiterumssomum
2069 4505 2326 4602 audire,
2338 4507 2638 4608 graviter
2652 4505 2735 4581 de
2758 4509 2887 4582 hac
2909 4533 2983 4581 re
3006 4507 3073 4580 di
3126 4529 3492 4584 ertantem.
3520 4511 3633 4586 Ad
3648 4517 3837 4616 Eph.
3870 4541 4019 4618 pag.

1420 4619 1542 4712 56.
1561 4625 1742 4700 757.
1855 4607 1920 4682 Is
1959 4607 2314 4684 Romanae
2346 4605 2666 4684 Ecclesia:
2680 4611 3031 4686 Doctores
3048 4609 3125 4684 in
3146 4607 3556 4710 graviffimo
3604 4639 3852 4692 errore
3874 4642 4025 4690 ver-

1471 4707 1490 4726 .
1541 4723 1862 4827 fffftmt
1878 4755 1914 4798 ‚
1974 4730 2206 4808 quum
2235 4707 2541 4786 statuunt
2592 4705 3079 4814 baptizandos,
3162 4710 3567 4813 priusquam
3606 4715 3765 4799 hoc
3806 4715 4019 4896 fi‘gffi
