4667 5442
641 484 999 584 Hieronia
1059 447 1585 583 Hierosoiraia.
1699 505 1798 613 297

448 668 524 725 erat
533 648 603 725 aedi
621 648 806 727 destinatus
828 651 957 734 collis,
985 675 1092 751 quam
1108 674 1148 723 ut
1170 672 1300 724 tantam
1324 649 1456 726 molem
1475 647 1648 726 sustineret
1668 682 1677 727 z
1715 680 1795 729 nam

449 747 495 821 ed
516 748 696 822 meridiem
717 744 880 823 &solem
907 751 1075 822 orientem
1095 793 1107 831 ,
1134 749 1194 819 ubi
1214 744 1304 821 sacta
1323 744 1554 822 sacerdotibus
1568 748 1727 823 obeunda
1742 751 1797 825 so·

450 868 549 927 rent,
577 869 697 942 quarta
713 845 836 943 templi
855 870 932 944 pars
954 845 1126 920 defectura
1143 844 1338 920 videbatur.
1390 850 1473 918 Arte
1493 847 1599 943 igitur
1612 872 1700 945 opus
1715 849 1793 934 fuir.

450 962 492 1013 ut
514 937 667 1038 superata
682 941 753 1014 loci
771 943 985 1041 iniquitate,
1012 967 1103 1015 nova
1129 964 1267 1039 repente
1297 939 1491 1039 exsurgeret
1512 968 1637 1041 rupes,
1666 946 1795 1019 collem
1895 946 1899 956 '

449 1035 632 1110 altitudine
653 1063 814 1136 aequans,
837 1042 915 1122 cui,
938 1065 1018 1135 quae
1043 1034 1182 1111 deerant
1202 1038 1365 1136 templo,
1392 1040 1428 1112 su
1456 1038 1702 1115 erllruerentut.
1753 1050 1794 1115 ln

450 1157 558 1229 quem
578 1130 681 1207 finem
700 1137 892 1234 vaegrandia
911 1130 1017 1219 saxa,
1046 1159 1090 1207 ex
1110 1136 1287 1208 montibus
1308 1136 1370 1231 qui
1394 1066 1470 1209 urbi
1492 1137 1676 1210 imminent
1695 1135 1792 1210 dese·

450 1234 525 1313 (ta,
552 1234 590 1304 δι
609 1228 689 1304 scite
712 1234 868 1329 expolita
887 1257 929 1304 eo
948 1231 1184 1304 devexerunt:
1212 1228 1342 1330 singula
1361 1227 1500 1329 singulis
1512 1228 1669 1329 imposita
1685 1237 1792 1309 curri-

449 1324 539 1410 bus,
565 1352 657 1425 quos
676 1327 785 1401 boves
800 1329 1028 1428 quadraginta
1047 1324 1237 1416 trahebant.
1287 1328 1356 1402 Sed
1376 1353 1488 1425 quum
1502 1330 1568 1401 viae
1583 1354 1664 1425 quae
1684 1333 1719 1404 in
1734 1356 1792 1406 ut·

449 1420 532 1497 bem
555 1425 715 1509 ducunt,
752 1426 799 1496 ob
824 1427 1016 1516 interjectos
1046 1445 1218 1506 montes,
1244 1426 1397 1499 curribus
1426 1446 1497 1496 tam
1517 1428 1611 1523 gravi
1637 1427 1791 1523 pondere

446 1520 566 1616 pressis
587 1522 691 1593 inviae
704 1517 835 1604 essent,
862 1542 996 1594 montes
1012 1515 1194 1617 plerosque
1221 1520 1415 1594 incredibili
1440 1521 1557 1594 labore
1575 1516 1711 1595 effossos
1732 1521 1792 1599 vel

448 1612 603 1689 exsectos
621 1617 758 1714 pervios
779 1617 941 1692 fecerunt.
993 1620 1048 1691 Sic
1075 1616 1155 1691 llrui
1181 1617 1372 1714 Templum
1397 1642 1441 1689 ex
1458 1638 1544 1690 voto
1570 1623 1789 1731 Imperatoris
1928 1639 1963 1658 -·

443 1714 577 1809 potuit.
628 1720 676 1786 At
696 1714 790 1826 ligna
809 1719 898 1786 testo
910 1713 1067 1790 faciendo
1085 1712 1234 1786 deerant.
1284 1712 1525 1802 Qiaetentibus
1543 1712 1791 1813 accircumspi-
1861 1793 1872 1805 ,

446 1807 619 1882 cientibus
639 1805 720 1886 silva
735 1834 874 1885 inventa
895 1809 964 1894 est,
992 1809 1101 1884 cedris
1112 1807 1288 1881 abundans
1301 1812 1337 1882 iii
1347 1808 1562 1882 altitudinem
1573 1832 1706 1884 tantum
1718 1837 1789 1888 non

441 1900 616 1977 infinitam
632 1906 865 1982 tendentibus.
915 1911 980 1981 Eas
994 1909 1083 1978 tedio
1100 1927 1271 2002 aptarunt.
1321 1903 1451 1979 Adhaec
1467 1906 1620 2004 Templo
1633 1907 1790 2006 undique

444 1999 621 2078 columnis
641 2027 730 2100 opus
747 2024 838 2079 erat:
865 2027 1012 2103 quarum
1032 2004 1071 2076 &
1092 2001 1202 2075 forma
1218 2003 1342 2100 templi
1363 2002 1541 2099 elegantiae
1555 1999 1789 2101 responderet,

443 2098 485 2171 δι
506 2124 548 2174 ea,
560 2100 763 2197 magnitudo
783 2100 871 2174 foret
892 2126 971 2198 quae
994 2099 1126 2189 molem
1147 2096 1341 2197 impositam
1358 2094 1418 2169 sibi
1436 2093 1620 2175 sustineret.
1671 2105 1724 2174 Re
1753 2103 1788 2175 'o

441 2216 561 2267 autem
584 2196 690 2296 longe
709 2202 829 2271 amari
845 2198 981 2279 aberat,
1008 2197 1189 2293 praeruptis
1209 2195 1387 2267 montibus
1405 2195 1559 2269 vallata:
1587 2221 1626 2268 ea
1641 2222 1695 2269 res
1716 2123 1788 2271 sil-

442 2289 562 2365 lieitos
582 2292 726 2366 faciebat
747 2292 917 2376 artifices,
944 2318 1014 2393 qua
1030 2292 1170 2365 aliunde
1191 2292 1486 2366 columnaeinferri
1505 2287 1649 2389 pollent.
1676 2293 1790 2386 Quod

442 2411 557 2484 quum
578 2396 766 2488 Imperator
793 2414 934 2488 propter
960 2393 1075 2488 operis
1100 2387 1341 2461 difficultatem
1369 2386 1510 2464 moleste
1540 2388 1659 2471 ferret,
1688 2385 1790 2488 (ipsit
1869 2400 1873 2406 ”
2014 2466 2025 2478 ,,

438 2482 566 2557 abhinc
582 2488 784 2583 Procopiani
799 2489 991 2585 interpretis
1003 2484 1106 2559 verba
1118 2482 1314 2579 exhibebo)
1341 2491 1437 2558 Deus
1456 2487 1492 2557 in
1503 2487 1674 2583 proximis
1685 2512 1788 2562 mon·

440 2580 539 2654 tibus
563 2580 688 2679 lapidis
703 2605 859 2657 naturam
878 2585 1064 2663 indicavit,
1092 2580 1172 2654 huic
1187 2584 1284 2680 operi
1299 2576 1378 2655 satis
1394 2606 1606 2694 congruam:
1634 2583 1695 2681 qui
1709 2583 1792 2679 pla·-

440 2702 488 2752 ne
502 2676 619 2774 lapis,
647 2701 706 2751 aut
722 2681 817 2776 prius
841 2678 985 2754 existens
1001 2679 1057 2751 liic
1075 2678 1237 2761 delituit,
1265 2701 1325 2751 aut
1343 2704 1433 2754 nunc
1451 2702 1604 2776 primum
1624 2682 1784 2754 conditui

439 2772 503 2848 est.
555 2776 689 2873 Utique
709 2776 898 2871 probabilis
929 2780 1018 2850 ratio
1044 2773 1160 2859 adest,
1197 2799 1277 2873 quae
1294 2770 1437 2851 caussam
1456 2778 1492 2848 in
1512 2780 1627 2848 Deum
1647 2775 1783 2851 referat.

436 2877 522 2948 Nos
536 2870 685 2945 liu‘mana
704 2873 868 2969 potestate
885 2869 1218 2954 omniametientes,
1245 2873 1356 2946 multa
1373 2873 1575 2946 arbitramur
1592 2872 1785 2970 impossibi-

436 2968 501 3044 lia.
551 2968 729 3042 Deonihil
743 2973 900 3043 omnium
912 2995 1026 3068 neque
1041 2994 1188 3081 anceps,
1215 2994 1328 3068 neque
1340 2968 1560 3067 impossibile.
1612 2972 1704 3043 Hinc
1715 2969 1784 3069 igi·

437 3085 499 3139 tut
511 3064 705 3164 ingentium
724 3067 983 3149 columnarum,
1011 3070 1048 3140 δι
1065 3069 1155 3163 ignis
1170 3064 1346 3140 flammam
1369 3066 1543 3163 quandam
1565 3065 1681 3138 colore
1700 3068 1784 3139 imi-

435 3161 616 3244 tantium,
643 3186 768 3260 magna
778 3165 875 3261 copia
893 3164 1047 3259 undique
1058 3156 1255 3235 suffulciunt
1264 3162 1458 3258 templum:
1483 3162 1606 3258 partim
1625 3155 1780 3259 superne.

433 3258 567 3357 partim
582 3258 734 3340 inferne,
761 3260 805 3331 ad
820 3261 973 3357 porticus
993 3283 1137 3356 quoque
1149 3277 1266 3329 totum
1282 3256 1388 3327 ferme
1408 3257 1580 3354 templum
1599 3258 1780 3342 obeuntes,

432 3375 671 3453 praeterquam
687 3355 732 3426 ad
747 3354 836 3427 latus
856 3379 985 3426 aurorae
1012 3349 1206 3426 obversum.
1280 3353 1454 3447 Imprimis
1474 3375 1590 3425 tamen
1612 3350 1783 3425 excellen-

434 3473 492 3523 tes
515 3449 595 3523 duae
613 3449 786 3524 columnae
811 3451 897 3525 stant
923 3473 1000 3525 ante
1023 3449 1120 3525 sores
1135 3444 1291 3546 templi,
1319 3446 1425 3519 nullis
1453 3439 1587 3521 sortasse
1607 3445 1781 3526 columnia

438 3549 552 3619 totius
583 3547 678 3619 orbis
704 3543 869 3621 secundae.
917 3548 1055 3621 Deinde
1084 3544 1190 3620 altera
1208 3543 1370 3643 quaedam
1392 3547 1544 3642 porticus
1565 3548 1737 3631 excurrit,
1759 3572 1780 3622 a

435 3641 549 3718 ferula
564 3638 628 3735 (ut
647 3642 796 3740 opinor)
822 3671 949 3718 nomen
973 3642 1133 3727 habens,
1157 3642 1256 3741 quod
1277 3638 1404 3716 scilicet
1426 3642 1462 3714 in
1483 3642 1592 3715 latum
1610 3666 1679 3714 non
1697 3669 1782 3742 pros
1891 3663 1897 3672 “
1928 3673 1936 3692 ’

435 3740 610 3814 tendatur.
661 3739 741 3851 Poll
765 3740 850 3814 hanc
871 3743 997 3815 atium
1015 3737 1182 3853 similibus
1209 3738 1379 3811 columnis
1402 3740 1438 3812 in
1460 3737 1702 3853 quadrangulo
1717 3767 1780 3856 exj

434 3830 1535 4043 tx:”transrenensissatissatis
1553 3859 1782 4030 iiam

436 4022 506 4141 sirit
519 4028 656 4141 adituri.
708 4029 884 4104 Vestibula
901 4032 984 4104 inde
1004 4032 1240 4141 admirationis
1249 4030 1365 4139 plena.
1418 4035 1557 4127 Nempe
1580 4029 1689 4142 ueluti
1706 4032 1779 4144 sor.

434 4122 1783 4333 sslllli„fllllsstlllsslatdladllllls‘stillillz‘s:

434 4314 658 4430 versas-inter
675 4317 708 4391 se
738 4318 840 4394 facies
856 4319 1026 4394 habentia.
1076 4322 1221 4430 Invia,
1248 4343 1332 4429 qua·
1344 4316 1389 4429 ad
1412 4318 1583 4430 ternplum
1603 4321 1672 4393 itur
1691 4321 1778 4397 stant

433 4410 587 4518 hospitia
604 4414 796 4492 utrimlibet
814 4417 915 4505 duo,
942 4439 1013 4491 utto
1027 4412 1179 4516 hospites
1200 4438 1373 4518 peregrini
1394 4420 1612 4520 excipiuntur
1628 4462 1642 4505 ,
1668 4418 1778 4528 altero

536 4511 626 4600 Tmo
662 4516 717 4595 st
1166 4519 1229 4613 Pp
1660 4537 1778 4614 requi.
