4667 5442
500 423 689 558 urs*
884 473 1456 552 olssrRrArro.

498 656 620 740 dividi,
644 679 719 730 cum
733 654 887 732 omnibus
903 660 1035 732 unitatis
1050 660 1154 732 modis
1170 684 1232 733 ona
1248 656 1298 730 fit.
1350 658 1522 757 Negamut
1538 653 1623 730 id&
1643 679 1718 738 not,
1739 655 1856 732 inditi-

496 755 621 830 sibilem
643 755 735 828 illam
756 759 914 830 unitatem
935 757 1039 830 tribus
1057 783 1265 831 communem
1279 755 1341 830 else
1355 755 1548 831 asserentes:
1578 765 1615 830 δι
1638 752 1739 855 supra
1753 763 1854 834 Naar.

496 882 587 933 vra.
615 856 811 930 ostendimus
827 855 897 956 plus
919 856 989 929 illos
1015 853 1204 928 indivifibili
1225 859 1341 930 unitati
1361 858 1436 930 DEI
1455 857 1613 955 derogare
1636 880 1698 954 per
1712 854 1785 930 suat
1803 861 1854 930 Se·

495 956 616 1057 phirot,
636 980 735 1055 quam
749 980 807 1027 nos
826 981 883 1054 per
899 957 1039 1028 nostram
1056 957 1237 1029 dodirinam
1257 957 1298 1028 de
1313 952 1417 1028 tribus
1431 951 1588 1055 personis.
1638 959 1799 1055 Opponit
1814 955 1853 1032 le·

495 1081 555 1156 get
574 1059 802 1156 generationis,
826 1063 913 1151 juxta
929 1080 1010 1154 quas
1026 1060 1118 1126 Patet·
1136 1054 1252 1128 Filium
1268 1075 1414 1155 tempore
1433 1056 1610 1130 antecedit.
1664 1057 1761 1130 Licet
1774 1060 1854 1132 enim

496 1160 591 1230 Pater
606 1179 682 1228 ante
697 1158 792 1226 Patet
805 1180 873 1229 non
890 1153 945 1235 srt,
972 1181 1072 1254 quam
1086 1151 1190 1228 filium
1204 1151 1341 1236 habeat,
1366 1176 1474 1228 tamen
1495 1151 1550 1224 ille
1571 1154 1631 1252 qui
1653 1179 1788 1228 vocatur
1801 1183 1851 1254 pa·

495 1276 556 1336 tet,
575 1258 737 1353 antiquior
752 1253 797 1325 est
812 1253 890 1335 filio,
907 1279 1005 1353 quem
1022 1258 1145 1351 genuit.
1196 1257 1260 1328 Sed
1277 1279 1344 1338 non
1359 1255 1448 1327 videt
1463 1251 1541 1325 alios
1555 1258 1700 1328 omnino
1714 1255 1752 1327 de
1759 1255 1847 1327 DEO

494 1378 670 1454 conceptus
690 1353 874 1427 formandos
896 1352 973 1436 ell'e,
1004 1355 1081 1426 alios
1100 1356 1141 1425 de
1155 1355 1318 1428 creaturis.
1367 1350 1557 1428 Absurdum
1573 1353 1621 1423 est
1641 1345 1746 1426 nostri
1762 1351 1851 1428 intel·

494 1452 596 1529 lenus
615 1456 812 1551 decempeda
833 1458 956 1526 Divina
971 1456 1080 1528 metiri
1100 1452 1197 1526 velle.
1273 1457 1329 1528 Vre
1344 1477 1409 1524 mee
1422 1476 1478 1524 non
1495 1451 1570 1542 stent
1580 1453 1666 1544 ficut
1681 1456 1738 1524 vie
1753 1454 1852 1546 vetite,

494 1553 676 1654 proclamat
693 1550 761 1653 ipse
776 1550 840 1644 Jes.
859 1573 918 1625 ιν.
935 1568 969 1638 3.
1028 1551 1136 1626 Multa
1148 1557 1182 1624 in
1197 1558 1293 1628 DEO
1314 1549 1387 1626 sunt
1403 1577 1475 1649 quac
1491 1548 1646 1648 religiose
1669 1557 1784 1626 mirari
1801 1579 1849 1655 po·

495 1659 559 1730 tius
577 1651 743 1733 debemus,
764 1678 863 1751 quom
879 1650 1002 1726 curiose
1022 1656 1143 1726 rimari.
1193 1657 1269 1726 Hoc
1285 1651 1360 1724 fidei
1375 1652 1488 1722 nostrae
1507 1654 1705 1724 exercitium
1719 1655 1777 1736 est,
1791 1679 1852 1727 cre·

494 1757 572 1826 dere
592 1775 665 1850 quae
685 1778 751 1826 non
776 1756 934 1850 percipit,
963 1773 1152 1853 tantamque
1171 1751 1327 1826 revelanti
1343 1755 1440 1824 DEO
1458 1747 1588 1823 deferre
1607 1747 1853 1836 observantiam,

495 1874 532 1926 ut
545 1876 659 1924 omnes
673 1857 884 1951 cogitationes
905 1856 1045 1952 captivas
1061 1853 1172 1932 ducas,
1194 1848 1251 1924 sub
1267 1851 1353 1924 illius
1368 1848 1566 1923 obedientia.
1619 1855 1697 1925 Into
1712 1853 1854 1954 idipsum

494 1951 680 2046 mysterium
700 1951 764 2026 hoc
781 1953 1009 2024 commendare
1023 1948 1172 2032 debebat,
1199 1954 1286 2049 quod
1305 1974 1439 2025 omnem
1453 1947 1641 2024 intellectus
1660 1949 1795 2028 humani
1808 1978 1851 2028 ca.

488 2073 587 2152 ptum
607 2049 822 2126 transcendat.
896 2053 978 2124 Inde
1002 2056 1161 2124 evincitur
1186 2075 1253 2123 non
1276 2051 1420 2124 nostrum
1444 2049 1507 2121 elle
1526 2073 1775 2135 commentum,
1802 2050 1852 2125 sed

495 2153 583 2250 qood
605 2176 667 2224 nec
689 2177 748 2226 nor
763 2154 1018 2249 necquicquam
1041 2150 1121 2222 alius
1141 2149 1347 2259 potuissemus
1369 2173 1513 2249 unquam
1536 2154 1710 2251 cogitare,
1738 2153 1849 2238 nedum

493 2253 653 2335 credere,
684 2247 743 2324 nifi
761 2249 939 2324 revelatum
954 2251 990 2321 id
1005 2251 1233 2323 inveniilemua
1255 2256 1290 2320 in
1307 2253 1338 2322 S.
1347 2254 1380 2323 S.
1396 2249 1436 2322 l.
1463 2246 1593 2344 quibus¹
1613 2277 1685 2325 non
1704 2255 1851 2348 judicium

494 2349 632 2448 amplius
649 2348 806 2440 debetur,
827 2349 880 2422 sed
893 2373 997 2429 coeca,
1014 2371 1050 2422 ot
1065 2353 1108 2421 ita
1124 2350 1248 2430 dicam,
1276 2349 1366 2422 fidet.
1423 2351 1535 2424 Nimis
1560 2345 1692 2445 abjede
1706 2353 1744 2424 de
1758 2355 1850 2426 DEO

495 2449 601 2529 sentit,
628 2456 766 2549 quinon
783 2447 910 2551 infinite
926 2451 1017 2547 plura
1030 2445 1088 2546 ipfi
1125 2446 1262 2521 offibilia
1283 2446 1455 2549 praesumit,
1470 2471 1575 2546 quam
1590 2448 1685 2522 finita
1699 2462 1732 2528 &
1749 2475 1794 2526 tot
1808 2475 1852 2524 re·

488 2574 568 2624 ‚rum
584 2548 777 2623 ntrutalium
801 2555 912 2652 ignara
929 2570 1040 2621 mente
1058 2475 1126 2646 ipsd
1146 2571 1243 2647 queat
1263 2553 1440 2648 percipere.
1488 2547 1566 2619 Nec
1589 2550 1756 2651 intelligit,
1780 2551 1852 2650 quid

494 2646 571 2818 ppei
587 2643 635 2728 stt,
653 2654 728 2748 qui,
747 2657 846 2724 etiarn
861 2653 947 2723 circa
958 2649 1083 2723 Divina
1101 2650 1261 2744 mysteria,
1282 2651 1441 2722 rationem
1455 2654 1489 2723 &
1508 2641 1619 2722 serrsus
1640 2647 1714 2724 suos
1732 2657 1766 2724 iu
1782 2675 1850 2726 coo·

508 2772 600 2821 rrum
619 2770 724 2819 vocat.

592 2845 787 2918 xxxvtll.
822 2849 898 2918 Nec
918 2843 979 2948 ipli
1003 2844 1138 2920 Hebraei
1154 2846 1361 2922 nonoretur
1379 2849 1560 2947 ignorant,
1588 2841 1725 2918 fatentes
1742 2847 1850 2941 mylli·

494 2967 566 3016 carn
581 2940 796 3044 Theologiam
813 2939 914 3030 suam,
938 2974 1003 3020 non
1019 2947 1205 3019 mortalium
1225 2949 1382 3020 rationem
1404 2940 1663 3044 probationibus,
1688 2968 1754 3015 non
1776 2942 1853 3018 sen·

493 3041 596 3118 ticofis
613 3046 759 3115 inanium
779 3042 955 3121 verborum
981 3043 1260 3128 contentionibus,
1284 3068 1348 3116 non
1367 3045 1519 3119 humanis
1540 3039 1747 3143 syllogismis,
1771 3069 1847 3144 pro-

492 3163 565 3246 pter
583 3146 797 3216 Divinitatem
818 3142 916 3228 suam,
942 3145 1116 3242 subnotat
1131 3143 1218 3217 else:
1246 3150 1327 3243 quin
1344 3147 1410 3217 imo
1430 3166 1496 3217 tam
1514 3168 1651 3243 magna,
1676 3167 1743 3216 tam
1758 3170 1853 3243 gran·

492 3247 566 3325 dia,
593 3266 659 3315 tam
676 3239 802 3317 infinita
821 3247 968 3338 mysteria
984 3249 1172 3335 continere,
1201 3269 1236 3319 ut
1260 3272 1322 3318 una
1344 3244 1486 3317 hominis
1502 3265 1617 3324 aetate,
1644 3242 1698 3315 vel
1721 3242 1852 3318 silibeat

491 3346 635 3438 denique
651 3340 810 3441 pluribus,
827 3349 919 3417 omni
938 3365 1226 3444 quantumcunque
1244 3344 1397 3417 indesesso
1414 3341 1524 3446 labore
1538 3341 1682 3441 superari
1703 3371 1771 3420 non
1788 3341 1852 3445 pos·

490 3438 552 3512 lint
563 3464 576 3531 3
602 3439 724 3514 etiamsi
742 3447 818 3516 vitae
831 3443 945 3517 nostrae
966 3447 1043 3515 anni
1063 3446 1197 3520 tendant
1216 3451 1250 3517 in
1262 3444 1361 3518 multa
1379 3442 1499 3522 sucula.
1522 3441 1619 3516 nobis
1637 3444 1736 3544 plane
1747 3449 1783 3517 in
1798 3444 1852 3519 hoe

489 3538 568 3619 luto,
594 3543 627 3611 in
647 3541 707 3612 hac
722 3539 844 3637 argilla,
869 3543 906 3611 in
928 3538 990 3614 hoc
1006 3542 1094 3615 denfi
1107 3551 1251 3644 corporis
1268 3567 1425 3618 caemento
1445 3540 1656 3644 spirantibus,
1685 3556 1723 3621 δι
1746 3571 1852 3645 corpo·

489 3663 548 3740 reo
568 3637 659 3711 sensu
681 3644 795 3712 euntia
811 3640 1090 3739 praesumentibus.
1139 3648 1245 3739 Ajunt
1267 3650 1356 3716 enim
1373 3641 1592 3716 Hebraeorum
1611 3639 1776 3744 sapientes
1794 3670 1850 3720 ma·

486 3737 578 3836 gistri
601 3746 689 3798 noun
716 3747 748 3798 to
771 3746 824 3801 on
846 3729 934 3824 num
956 3745 1189 3830 numanum
1207 3751 1251 3805 m
1273 3724 1361 3806 tunb
1386 3751 1416 3804 u
1443 3747 1520 3834 quod
1537 3745 1688 3838 ,ptum
1713 3748 1846 3820 vom„

485 3838 577 3930 operit
598 3833 751 3904 aenituit
774 3835 857 3905 carni
885 3836 926 3913 (a
942 3836 1082 3934 sanguini
1096 3839 1264 3932 =impossibile
1273 3838 1330 3929 fit.
1408 3845 1540 4014 (punto
1558 3848 1668 3940 magis
1685 3848 1720 3918 id
1747 3866 1849 3920 verum

485 3938 549 4006 erit
562 3937 603 4004 de
621 3956 720 4033 opere
738 3935 904 4013 Mercava,
926 3959 993 4033 quo
1013 3939 1178 4030 mysticam
1194 3937 1413 4038 Theologiam
1446 3963 1520 4016 uam
1541 3951 1578 4016 δι
1594 3944 1855 4044 Metaphyfitam.

486 4030 660 4131 defignant.
712 4033 792 4106 Vid.
819 4029 909 4104 sodet
925 4041 1070 4110 Reucili:
1103 4040 1137 4106 de
1152 4037 1234 4112 Keb.
1250 4041 1302 4113 mi.
1323 4060 1356 4131 p.
1375 4049 1410 4115 6.
1471 4042 1552 4116 ldeo
1567 4048 1747 4141 quondam
1762 4049 1805 4121 R.
1816 4049 1848 4116 E·

482 4130 580 4205 liezar
605 4135 727 4226 dicenti
752 4127 812 4204 fibi
834 4128 978 4231 benigne
1006 4137 1157 4236 magistro
1183 4135 1238 4212 suo
1261 4141 1305 4211 R.
1321 4137 1489 4229 Johanan,
1515 4148 1593 4213 veni
1616 4144 1804 4220 &docebo
1820 4167 1846 4217 te

482 4213 1294 4440 rtt,linnnzlritnitlliffil
1311 4239 1843 4444 timentur-il

1297 4387 1311 4424 a
1682 4371 1704 4422 V
1752 4371 1786 4417 ll

1757 4443 1840 4545 fuge·
