<?xml version="1.0" encoding="UTF-8"?>
<!DOCTYPE html PUBLIC "-//W3C//DTD XHTML 1.0 Transitional//EN"
    "http://www.w3.org/TR/xhtml1/DTD/xhtml1-transitional.dtd">
<html xmlns="http://www.w3.org/1999/xhtml" xml:lang="en" lang="en">
 <head>
  <title>
</title>
<meta http-equiv="Content-Type" content="text/html;charset=utf-8" />
  <meta name='ocr-system' content='tesseract 3.04.00' />
  <meta name='ocr-capabilities' content='ocr_page ocr_carea ocr_par ocr_line ocrx_word'/>
</head>
<body>
  <div class='ocr_page' id='page_1' title='image "./hermanniwitsiim01witsgoog/hermanniwitsiim01witsgoog_0233.png"; bbox 0 0 4667 5442; ppageno 0'>
   <div class='ocr_carea' id='block_1_1' title="bbox 560 475 1667 607">
    <p class='ocr_par' dir='ltr' id='par_1_1' title="bbox 560 475 1667 607">
     <span class='ocr_line' id='line_1_1' title="bbox 560 475 1667 607; baseline -0.023 0"><span class='ocrx_word' id='word_1_1' title='bbox 560 524 662 607; x_wconf 86' lang='lat'><em>210</em></span> <span class='ocrx_word' id='word_1_2' title='bbox 820 499 1532 592; x_wconf 73' lang='lat' dir='ltr'><em>Exsucrnurro</em></span> <span class='ocrx_word' id='word_1_3' title='bbox 1602 475 1667 583; x_wconf 86' lang='lat' dir='ltr'><em>X·</em></span> 
     </span>
    </p>
   </div>
   <div class='ocr_carea' id='block_1_2' title="bbox 557 646 1927 1045">
    <p class='ocr_par' dir='ltr' id='par_1_2' title="bbox 557 646 1927 1045">
     <span class='ocr_line' id='line_1_2' title="bbox 557 646 1927 766; baseline -0.012 -26"><span class='ocrx_word' id='word_1_4' title='bbox 557 686 619 766; x_wconf 93' lang='lat' dir='ltr'><em>pro</em></span> <span class='ocrx_word' id='word_1_5' title='bbox 636 667 702 742; x_wconf 90' lang='lat' dir='ltr'><em>loco</em></span> <span class='ocrx_word' id='word_1_6' title='bbox 721 668 815 741; x_wconf 86' lang='lat' dir='ltr'><em>edito.</em></span> <span class='ocrx_word' id='word_1_7' title='bbox 864 665 1142 761; x_wconf 74' lang='lat' dir='ltr'><em>Qonadmodum</em></span> <span class='ocrx_word' id='word_1_8' title='bbox 1160 665 1403 740; x_wconf 72' lang='lat' dir='ltr'><em>audiveramus,</em></span> <span class='ocrx_word' id='word_1_9' title='bbox 1426 662 1475 734; x_wconf 88' lang='lat' dir='ltr'><em>ita</em></span> <span class='ocrx_word' id='word_1_10' title='bbox 1492 661 1633 732; x_wconf 79' lang='lat' dir='ltr'><em>vidimus</em></span> <span class='ocrx_word' id='word_1_11' title='bbox 1652 652 1851 729; x_wconf 73' lang='lat' dir='ltr'><em>incivitate</em></span> <span class='ocrx_word' id='word_1_12' title='bbox 1866 646 1927 727; x_wconf 74' lang='lat' dir='ltr'><em>ud</em></span> 
     </span>
     <span class='ocr_line' id='line_1_3' title="bbox 563 750 1925 856; baseline -0.01 -20"><span class='ocrx_word' id='word_1_13' title='bbox 563 761 677 846; x_wconf 69' lang='lat' dir='ltr'><em>nostri,</em></span> <span class='ocrx_word' id='word_1_14' title='bbox 704 769 797 838; x_wconf 78' lang='lat' dir='ltr'><em>Deus</em></span> <span class='ocrx_word' id='word_1_15' title='bbox 818 759 940 845; x_wconf 74' lang='lat' dir='ltr'><em>flabile</em></span> <span class='ocrx_word' id='word_1_16' title='bbox 958 786 1026 833; x_wconf 90' lang='lat' dir='ltr'><em>eam</em></span> <span class='ocrx_word' id='word_1_17' title='bbox 1046 763 1080 831; x_wconf 86' lang='lat' dir='ltr'><em>in</em></span> <span class='ocrx_word' id='word_1_18' title='bbox 1095 759 1235 848; x_wconf 70' lang='lat' dir='ltr'><em>secudum</em></span> <span class='ocrx_word' id='word_1_19' title='bbox 1252 756 1346 856; x_wconf 74' lang='lat' dir='ltr'><em>uscpuc</em></span> <span class='ocrx_word' id='word_1_20' title='bbox 1367 760 1519 831; x_wconf 86' lang='lat' dir='ltr'><em>maxime.</em></span> <span class='ocrx_word' id='word_1_21' title='bbox 1540 750 1805 830; x_wconf 82' lang='lat' dir='ltr'><em>Ps&#39;xuv1·11=</em></span> <span class='ocrx_word' id='word_1_22' title='bbox 1826 774 1874 839; x_wconf 75' lang='lat'><em>45</em></span> <span class='ocrx_word' id='word_1_23' title='bbox 1894 770 1925 841; x_wconf 82' lang='grc'><em>9.</em></span> 
     </span>
     <span class='ocr_line' id='line_1_4' title="bbox 564 844 1925 1045; baseline -0.015 -107"><span class='ocrx_word' id='word_1_24' title='bbox 564 862 691 1045; x_wconf 58' lang='lat' dir='ltr'><em>Dilipit</em></span> <span class='ocrx_word' id='word_1_25' title='bbox 710 857 843 951; x_wconf 72' lang='lat' dir='ltr'><em>¹Jebooa</em></span> <span class='ocrx_word' id='word_1_26' title='bbox 858 878 967 953; x_wconf 82' lang='lat' dir='ltr'><em>portas</em></span> <span class='ocrx_word' id='word_1_27' title='bbox 987 862 1108 938; x_wconf 72' lang='lat' dir='ltr'><em>Sionis,¹</em></span> <span class='ocrx_word' id='word_1_28' title='bbox 1130 855 1231 951; x_wconf 82' lang='lat' dir='ltr'><em>supra</em></span> <span class='ocrx_word' id='word_1_29' title='bbox 1250 878 1344 953; x_wconf 83' lang='lat' dir='ltr'><em>quam</em></span> <span class='ocrx_word' id='word_1_30' title='bbox 1363 856 1425 925; x_wconf 90' lang='lat' dir='ltr'><em>ulla</em></span> <span class='ocrx_word' id='word_1_31' title='bbox 1444 849 1650 926; x_wconf 82' lang='lat' dir='ltr'><em>tabernacula</em></span> <span class='ocrx_word' id='word_1_32' title='bbox 1662 844 1812 943; x_wconf 59' lang='lat' dir='ltr'><em>paoli.</em></span> <span class='ocrx_word' id='word_1_33' title='bbox 1866 852 1925 919; x_wconf 85' lang='lat' dir='ltr'><em>Hr-</em></span> 
     </span>
    </p>
   </div>
   <div class='ocr_carea' id='block_1_3' title="bbox 333 941 1943 4548">
    <p class='ocr_par' dir='ltr' id='par_1_3' title="bbox 566 941 1927 1053">
     <span class='ocr_line' id='line_1_5' title="bbox 566 941 1927 1053; baseline -0.009 -24"><span class='ocrx_word' id='word_1_34' title='bbox 566 963 638 1029; x_wconf 86' lang='lat' dir='ltr'><em>nori</em></span> <span class='ocrx_word' id='word_1_35' title='bbox 660 959 821 1053; x_wconf 76' lang='lat' dir='ltr'><em>centifforra</em></span> <span class='ocrx_word' id='word_1_36' title='bbox 831 956 905 1044; x_wconf 79' lang='lat' dir='ltr'><em>fura</em></span> <span class='ocrx_word' id='word_1_37' title='bbox 917 978 1098 1052; x_wconf 82' lang='lat' dir='ltr'><em>quacunque</em></span> <span class='ocrx_word' id='word_1_38' title='bbox 1114 958 1154 1026; x_wconf 87' lang='lat' dir='ltr'><em>dc</em></span> <span class='ocrx_word' id='word_1_39' title='bbox 1171 973 1205 1026; x_wconf 86' lang='lat' dir='ltr'><em>te</em></span> <span class='ocrx_word' id='word_1_40' title='bbox 1218 956 1446 1050; x_wconf 77' lang='lat' dir='ltr'><em>predicantur,</em></span> <span class='ocrx_word' id='word_1_41' title='bbox 1469 954 1587 1024; x_wconf 79' lang='lat' dir='ltr'><em>civitae</em></span> <span class='ocrx_word' id='word_1_42' title='bbox 1601 952 1673 1026; x_wconf 86' lang='lat' dir='ltr'><em>Dei</em></span> <span class='ocrx_word' id='word_1_43' title='bbox 1682 941 1821 1039; x_wconf 70' lang='lat' dir='ltr'><em>fernme</em></span> <span class='ocrx_word' id='word_1_44' title='bbox 1836 943 1927 1017; x_wconf 81' lang='lat' dir='ltr'><em>buco·</em></span> 
     </span>
    </p>

    <p class='ocr_par' dir='ltr' id='par_1_4' title="bbox 333 1051 1930 2789">
     <span class='ocr_line' id='line_1_6' title="bbox 567 1051 1066 1143; baseline -0.008 -15"><span class='ocrx_word' id='word_1_45' title='bbox 567 1051 666 1143; x_wconf 75' lang='lat' dir='ltr'><em>rafica.</em></span> <span class='ocrx_word' id='word_1_46' title='bbox 685 1052 736 1128; x_wconf 91' lang='lat' dir='ltr'><em>Ps.</em></span> <span class='ocrx_word' id='word_1_47' title='bbox 755 1078 892 1128; x_wconf 81' lang='lat' dir='ltr'><em>rxxxvr</em></span> <span class='ocrx_word' id='word_1_48' title='bbox 905 1078 941 1127; x_wconf 88' lang='lat'><em>1:</em></span> <span class='ocrx_word' id='word_1_49' title='bbox 964 1078 1008 1134; x_wconf 84' lang='lat'><em>2,</em></span> <span class='ocrx_word' id='word_1_50' title='bbox 1034 1074 1066 1142; x_wconf 86' lang='lat'><em>3.</em></span> 
     </span>
     <span class='ocr_line' id='line_1_7' title="bbox 666 1141 1926 1243; baseline -0.006 -20"><span class='ocrx_word' id='word_1_51' title='bbox 666 1156 807 1223; x_wconf 85' lang='lat' dir='ltr'><strong>XXIX.</strong></span> <span class='ocrx_word' id='word_1_52' title='bbox 835 1152 1020 1222; x_wconf 86' lang='lat' dir='ltr'><em>Enimvero</em></span> <span class='ocrx_word' id='word_1_53' title='bbox 1044 1148 1159 1218; x_wconf 91' lang='lat' dir='ltr'><em>omnis</em></span> <span class='ocrx_word' id='word_1_54' title='bbox 1178 1144 1444 1243; x_wconf 88' lang='lat' dir='ltr'><em>illapulcritudo</em></span> <span class='ocrx_word' id='word_1_55' title='bbox 1463 1141 1864 1242; x_wconf 75' lang='lat' dir='ltr'><em>atque-opulentiamm</em></span> <span class='ocrx_word' id='word_1_56' title='bbox 1877 1165 1926 1215; x_wconf 91' lang='lat' dir='ltr'><em>ur·</em></span> 
     </span>
     <span class='ocr_line' id='line_1_8' title="bbox 333 1239 1927 1346; baseline -0.009 -23"><span class='ocrx_word' id='word_1_57' title='bbox 333 1307 336 1314; x_wconf 89' lang='lat'>.</span> <span class='ocrx_word' id='word_1_58' title='bbox 445 1272 473 1305; x_wconf 57' lang='grc' dir='ltr'><em>’κ</em></span> <span class='ocrx_word' id='word_1_59' title='bbox 511 1271 535 1303; x_wconf 72' lang='lat'><em>‘-</em></span> <span class='ocrx_word' id='word_1_60' title='bbox 568 1248 622 1321; x_wconf 90' lang='lat' dir='ltr'><em>bis</em></span> <span class='ocrx_word' id='word_1_61' title='bbox 643 1274 748 1346; x_wconf 88' lang='lat' dir='ltr'><em>quam</em></span> <span class='ocrx_word' id='word_1_62' title='bbox 768 1248 907 1341; x_wconf 89' lang='lat' dir='ltr'><em>templi,</em></span> <span class='ocrx_word' id='word_1_63' title='bbox 935 1248 972 1317; x_wconf 89' lang='lat'>&amp;</span> <span class='ocrx_word' id='word_1_64' title='bbox 989 1244 1178 1316; x_wconf 89' lang='lat' dir='ltr'><em>umbratica</em></span> <span class='ocrx_word' id='word_1_65' title='bbox 1195 1242 1256 1314; x_wconf 91' lang='lat' dir='ltr'><em>illa</em></span> <span class='ocrx_word' id='word_1_66' title='bbox 1267 1244 1335 1313; x_wconf 92' lang='lat' dir='ltr'><em>Dei</em></span> <span class='ocrx_word' id='word_1_67' title='bbox 1350 1245 1384 1312; x_wconf 92' lang='lat' dir='ltr'><em>in</em></span> <span class='ocrx_word' id='word_1_68' title='bbox 1406 1255 1556 1338; x_wconf 88' lang='lat' dir='ltr'><em>utroque</em></span> <span class='ocrx_word' id='word_1_69' title='bbox 1576 1239 1755 1312; x_wconf 80' lang='lat' dir='ltr'><em>habitatio</em></span> <span class='ocrx_word' id='word_1_70' title='bbox 1779 1287 1791 1321; x_wconf 90' lang='lat'><strong>,</strong></span> <span class='ocrx_word' id='word_1_71' title='bbox 1823 1240 1927 1330; x_wconf 83' lang='lat' dir='ltr'><em>majo·</em></span> 
     </span>
     <span class='ocr_line' id='line_1_9' title="bbox 390 1333 1927 1440; baseline -0.008 -21"><span class='ocrx_word' id='word_1_72' title='bbox 390 1347 429 1419; x_wconf 82' lang='lat'><em>‘.‘</em></span> <span class='ocrx_word' id='word_1_73' title='bbox 448 1347 468 1381; x_wconf 72' lang='lat'><em>‘⁸</em></span> <span class='ocrx_word' id='word_1_74' title='bbox 478 1365 488 1394; x_wconf 83' lang='lat'>²</span> <span class='ocrx_word' id='word_1_75' title='bbox 503 1346 646 1419; x_wconf 60' lang='lat' dir='ltr'><em>{mrum</em></span> <span class='ocrx_word' id='word_1_76' title='bbox 666 1368 779 1417; x_wconf 90' lang='lat' dir='ltr'><em>rerum</em></span> <span class='ocrx_word' id='word_1_77' title='bbox 803 1346 878 1440; x_wconf 86' lang='lat' dir='ltr'><em>typi</em></span> <span class='ocrx_word' id='word_1_78' title='bbox 893 1342 997 1415; x_wconf 89' lang='lat' dir='ltr'><em>fuere.</em></span> <span class='ocrx_word' id='word_1_79' title='bbox 1047 1336 1305 1438; x_wconf 87' lang='lat' dir='ltr'><em>Significabatur</em></span> <span class='ocrx_word' id='word_1_80' title='bbox 1323 1340 1415 1410; x_wconf 90' lang='lat' dir='ltr'><em>enim</em></span> <span class='ocrx_word' id='word_1_81' title='bbox 1434 1336 1536 1409; x_wconf 90' lang='lat' dir='ltr'><em>status</em></span> <span class='ocrx_word' id='word_1_82' title='bbox 1547 1333 1707 1408; x_wconf 82' lang='lat' dir='ltr'><em>Ecclefiae</em></span> <span class='ocrx_word' id='word_1_83' title='bbox 1720 1335 1927 1410; x_wconf 81' lang='lat' dir='ltr'><em>Testamen-</em></span> 
     </span>
     <span class='ocr_line' id='line_1_10' title="bbox 392 1421 1929 1535; baseline -0.008 -19"><span class='ocrx_word' id='word_1_84' title='bbox 392 1421 537 1535; x_wconf 50' lang='lat' dir='ltr'><em>muffss&#39;</em></span> <span class='ocrx_word' id='word_1_85' title='bbox 569 1444 745 1520; x_wconf 88' lang='lat' dir='ltr'><em>tiNovi‚</em></span> <span class='ocrx_word' id='word_1_86' title='bbox 787 1443 882 1529; x_wconf 84' lang='lat' dir='ltr'><em>cujus</em></span> <span class='ocrx_word' id='word_1_87' title='bbox 910 1440 1038 1510; x_wconf 88' lang='lat' dir='ltr'><em>Divina</em></span> <span class='ocrx_word' id='word_1_88' title='bbox 1057 1436 1218 1532; x_wconf 83' lang='lat' dir='ltr'><em>quaedam</em></span> <span class='ocrx_word' id='word_1_89' title='bbox 1240 1433 1435 1531; x_wconf 81' lang='lat' dir='ltr'>pulcritudo</span> <span class='ocrx_word' id='word_1_90' title='bbox 1464 1437 1502 1506; x_wconf 89' lang='lat'>&amp;</span> <span class='ocrx_word' id='word_1_91' title='bbox 1524 1434 1703 1529; x_wconf 88' lang='lat' dir='ltr'><em>opulentia</em></span> <span class='ocrx_word' id='word_1_92' title='bbox 1740 1436 1783 1506; x_wconf 91' lang='lat' dir='ltr'><em>in</em></span> <span class='ocrx_word' id='word_1_93' title='bbox 1809 1434 1856 1507; x_wconf 87' lang='lat' dir='ltr'><em>iis</em></span> <span class='ocrx_word' id='word_1_94' title='bbox 1879 1429 1929 1504; x_wconf 86' lang='lat' dir='ltr'><em>sm</em></span> 
     </span>
     <span class='ocr_line' id='line_1_11' title="bbox 422 1529 1928 1632; baseline -0.007 -22"><span class='ocrx_word' id='word_1_95' title='bbox 422 1557 486 1617; x_wconf 76' lang='lat' dir='ltr'><em>orta.</em></span> <span class='ocrx_word' id='word_1_96' title='bbox 570 1535 732 1612; x_wconf 83' lang='lat' dir='ltr'>thesauris</span> <span class='ocrx_word' id='word_1_97' title='bbox 753 1535 819 1617; x_wconf 81' lang='lat' dir='ltr'><em>est,</em></span> <span class='ocrx_word' id='word_1_98' title='bbox 847 1559 997 1632; x_wconf 90' lang='lat' dir='ltr'><em>quorum</em></span> <span class='ocrx_word' id='word_1_99' title='bbox 1013 1537 1139 1606; x_wconf 74' lang='lat' dir='ltr'><em>cunltae</em></span> <span class='ocrx_word' id='word_1_100' title='bbox 1156 1532 1302 1604; x_wconf 88' lang='lat' dir='ltr'><em>Davidis</em></span> <span class='ocrx_word' id='word_1_101' title='bbox 1321 1556 1359 1604; x_wconf 92' lang='lat' dir='ltr'><em>ac</em></span> <span class='ocrx_word' id='word_1_102' title='bbox 1379 1529 1574 1612; x_wconf 86' lang='lat' dir='ltr'><em>Salomonis</em></span> <span class='ocrx_word' id='word_1_103' title='bbox 1622 1529 1678 1602; x_wconf 92' lang='lat' dir='ltr'><em>lus</em></span> <span class='ocrx_word' id='word_1_104' title='bbox 1719 1555 1811 1604; x_wconf 86' lang='lat' dir='ltr'><em>uam</em></span> <span class='ocrx_word' id='word_1_105' title='bbox 1830 1532 1928 1630; x_wconf 79' lang='lat' dir='ltr'><em>regia</em></span> 
     </span>
     <span class='ocr_line' id='line_1_12' title="bbox 569 1626 1928 1734; baseline -0.008 -28"><span class='ocrx_word' id='word_1_106' title='bbox 569 1661 665 1734; x_wconf 82' lang='lat' dir='ltr'><em>gazae</em></span> <span class='ocrx_word' id='word_1_107' title='bbox 682 1659 751 1706; x_wconf 88' lang='lat' dir='ltr'><em>nou</em></span> <span class='ocrx_word' id='word_1_108' title='bbox 771 1628 829 1703; x_wconf 81' lang='lat' dir='ltr'><em>nisi</em></span> <span class='ocrx_word' id='word_1_109' title='bbox 852 1655 968 1728; x_wconf 88' lang='lat' dir='ltr'><em>opacae</em></span> <span class='ocrx_word' id='word_1_110' title='bbox 990 1629 1126 1701; x_wconf 89' lang='lat' dir='ltr'><em>fuerunt</em></span> <span class='ocrx_word' id='word_1_111' title='bbox 1145 1626 1277 1702; x_wconf 88' lang='lat' dir='ltr'><em>umbrae</em></span> <span class='ocrx_word' id='word_1_112' title='bbox 1303 1654 1314 1712; x_wconf 80' lang='lat'>3</span> <span class='ocrx_word' id='word_1_113' title='bbox 1341 1645 1490 1722; x_wconf 87' lang='lat' dir='ltr'><em>quaeque</em></span> <span class='ocrx_word' id='word_1_114' title='bbox 1512 1650 1581 1727; x_wconf 85' lang='lat' dir='ltr'><em>gau</em></span> <span class='ocrx_word' id='word_1_115' title='bbox 1608 1647 1641 1698; x_wconf 91' lang='lat' dir='ltr'><em>et</em></span> <span class='ocrx_word' id='word_1_116' title='bbox 1668 1627 1704 1697; x_wconf 92' lang='lat' dir='ltr'><em>in</em></span> <span class='ocrx_word' id='word_1_117' title='bbox 1736 1628 1928 1700; x_wconf 82' lang='lat' dir='ltr'><em>abitatione</em></span> 
     </span>
     <span class='ocr_line' id='line_1_13' title="bbox 569 1722 1930 1827; baseline -0.007 -25"><span class='ocrx_word' id='word_1_118' title='bbox 569 1733 660 1812; x_wconf 90' lang='lat' dir='ltr'><em>Dei,</em></span> <span class='ocrx_word' id='word_1_119' title='bbox 689 1754 758 1802; x_wconf 92' lang='lat' dir='ltr'><em>non</em></span> <span class='ocrx_word' id='word_1_120' title='bbox 778 1730 912 1827; x_wconf 81' lang='lat' dir='ltr'><em>typica,</em></span> <span class='ocrx_word' id='word_1_121' title='bbox 939 1722 998 1798; x_wconf 92' lang='lat' dir='ltr'><em>sed</em></span> <span class='ocrx_word' id='word_1_122' title='bbox 1011 1750 1141 1822; x_wconf 61' lang='lat' dir='ltr'><em>versae</em></span> <span class='ocrx_word' id='word_1_123' title='bbox 1158 1724 1266 1804; x_wconf 86' lang='lat' dir='ltr'><em>reali,</em></span> <span class='ocrx_word' id='word_1_124' title='bbox 1295 1749 1356 1819; x_wconf 87' lang='lat' dir='ltr'><em>per</em></span> <span class='ocrx_word' id='word_1_125' title='bbox 1370 1722 1544 1796; x_wconf 88' lang='lat' dir='ltr'><em>Christum</em></span> <span class='ocrx_word' id='word_1_126' title='bbox 1555 1724 1784 1820; x_wconf 85' lang='lat' dir='ltr'><em>&amp;Spiritum</em></span> <span class='ocrx_word' id='word_1_127' title='bbox 1801 1729 1841 1798; x_wconf 86' lang='lat' dir='ltr'><em>S.</em></span> <span class='ocrx_word' id='word_1_128' title='bbox 1858 1747 1930 1798; x_wconf 88' lang='lat' dir='ltr'><em>curn</em></span> 
     </span>
     <span class='ocr_line' id='line_1_14' title="bbox 572 1815 1930 1918; baseline -0.01 -15"><span class='ocrx_word' id='word_1_129' title='bbox 572 1827 884 1904; x_wconf 87' lang='lat' dir='ltr'>communicatione</span> <span class='ocrx_word' id='word_1_130' title='bbox 911 1820 1158 1896; x_wconf 78' lang='lat' dir='ltr'><em>inaestimabilis</em></span> <span class='ocrx_word' id='word_1_131' title='bbox 1210 1822 1303 1892; x_wconf 86' lang='lat' dir='ltr'><em>tatiae</em></span> <span class='ocrx_word' id='word_1_132' title='bbox 1319 1822 1357 1891; x_wconf 89' lang='lat'>&amp;</span> <span class='ocrx_word' id='word_1_133' title='bbox 1377 1820 1512 1918; x_wconf 84' lang='lat' dir='ltr'><em>gloriae.</em></span> <span class='ocrx_word' id='word_1_134' title='bbox 1565 1823 1651 1890; x_wconf 87' lang='lat' dir='ltr'><em>Haec</em></span> <span class='ocrx_word' id='word_1_135' title='bbox 1675 1819 1725 1893; x_wconf 90' lang='lat' dir='ltr'><em>est</em></span> <span class='ocrx_word' id='word_1_136' title='bbox 1748 1820 1815 1894; x_wconf 90' lang='lat' dir='ltr'><em>illa</em></span> <span class='ocrx_word' id='word_1_137' title='bbox 1836 1815 1930 1918; x_wconf 90' lang='lat' dir='ltr'><em>spiri·</em></span> 
     </span>
     <span class='ocr_line' id='line_1_15' title="bbox 571 1843 1929 2013; baseline -0.007 -17"><span class='ocrx_word' id='word_1_138' title='bbox 571 1925 675 1997; x_wconf 87' lang='lat' dir='ltr'><em>tualis</em></span> <span class='ocrx_word' id='word_1_139' title='bbox 692 1948 730 1993; x_wconf 85' lang='lat' dir='ltr'><em>ac</em></span> <span class='ocrx_word' id='word_1_140' title='bbox 753 1920 895 1995; x_wconf 86' lang='lat' dir='ltr'><em>coelestis</em></span> <span class='ocrx_word' id='word_1_141' title='bbox 912 1917 1152 2013; x_wconf 70' lang='lat' dir='ltr'><em>Hieroblyma,</em></span> <span class='ocrx_word' id='word_1_142' title='bbox 1177 1843 1220 1988; x_wconf 69' lang='lat' dir='ltr'><em>de</em></span> <span class='ocrx_word' id='word_1_143' title='bbox 1242 1942 1312 2013; x_wconf 84' lang='lat' dir='ltr'><em>qua</em></span> <span class='ocrx_word' id='word_1_144' title='bbox 1331 1916 1422 1988; x_wconf 86' lang='lat' dir='ltr'><em>dixit</em></span> <span class='ocrx_word' id='word_1_145' title='bbox 1438 1923 1559 1989; x_wconf 87' lang='lat' dir='ltr'><em>Deus:</em></span> <span class='ocrx_word' id='word_1_146' title='bbox 1585 1920 1668 1992; x_wconf 81' lang='lat' dir='ltr'><em>Ecce</em></span> <span class='ocrx_word' id='word_1_147' title='bbox 1690 1937 1754 2011; x_wconf 84' lang='lat' dir='ltr'><em>ego</em></span> <span class='ocrx_word' id='word_1_148' title='bbox 1767 1919 1929 1993; x_wconf 64' lang='lat' dir='ltr'><em>effluat·</em></span> 
     </span>
     <span class='ocr_line' id='line_1_16' title="bbox 571 2012 1929 2111; baseline -0.006 -17"><span class='ocrx_word' id='word_1_149' title='bbox 571 2046 628 2094; x_wconf 78' lang='lat' dir='ltr'><em>rua</em></span> <span class='ocrx_word' id='word_1_150' title='bbox 638 2019 710 2110; x_wconf 82' lang='lat' dir='ltr'><em>sum</em></span> <span class='ocrx_word' id='word_1_151' title='bbox 728 2045 796 2093; x_wconf 89' lang='lat' dir='ltr'><em>cum</em></span> <span class='ocrx_word' id='word_1_152' title='bbox 810 2038 988 2091; x_wconf 84' lang='lat' dir='ltr'><em>omameuto</em></span> <span class='ocrx_word' id='word_1_153' title='bbox 1004 2016 1123 2111; x_wconf 81' lang='lat' dir='ltr'><em>lapides</em></span> <span class='ocrx_word' id='word_1_154' title='bbox 1140 2035 1230 2095; x_wconf 87' lang='lat' dir='ltr'><em>tuos,</em></span> <span class='ocrx_word' id='word_1_155' title='bbox 1253 2017 1298 2088; x_wconf 64' lang='lat' dir='ltr'><em>(a</em></span> <span class='ocrx_word' id='word_1_156' title='bbox 1310 2012 1504 2104; x_wconf 75' lang='lat' dir='ltr'><em>fundaturus</em></span> <span class='ocrx_word' id='word_1_157' title='bbox 1522 2012 1597 2103; x_wconf 80' lang='lat' dir='ltr'><em>tes</em></span> <span class='ocrx_word' id='word_1_158' title='bbox 1627 2016 1718 2086; x_wconf 77' lang='lat' dir='ltr'><em>bitis.</em></span> <span class='ocrx_word' id='word_1_159' title='bbox 1776 2013 1929 2110; x_wconf 53' lang='lat' dir='ltr'><em>Erdiffi</em></span> 
     </span>
     <span class='ocr_line' id='line_1_17' title="bbox 572 2109 1928 2213; baseline -0.005 -24"><span class='ocrx_word' id='word_1_160' title='bbox 572 2142 645 2189; x_wconf 81' lang='lat' dir='ltr'><em>uam</em></span> <span class='ocrx_word' id='word_1_161' title='bbox 661 2136 779 2213; x_wconf 84' lang='lat' dir='ltr'><em>pyropo</em></span> <span class='ocrx_word' id='word_1_162' title='bbox 793 2115 966 2211; x_wconf 72' lang='lat' dir='ltr'><em>specubria</em></span> <span class='ocrx_word' id='word_1_163' title='bbox 981 2134 1058 2193; x_wconf 90' lang='lat' dir='ltr'><em>tua,</em></span> <span class='ocrx_word' id='word_1_164' title='bbox 1081 2115 1124 2186; x_wconf 65' lang='lat' dir='ltr'><em>(a</em></span> <span class='ocrx_word' id='word_1_165' title='bbox 1134 2129 1248 2207; x_wconf 79' lang='lat' dir='ltr'><em>portae</em></span> <span class='ocrx_word' id='word_1_166' title='bbox 1268 2132 1340 2184; x_wconf 78' lang='lat' dir='ltr'><em>tuas</em></span> <span class='ocrx_word' id='word_1_167' title='bbox 1361 2109 1522 2207; x_wconf 77' lang='lat' dir='ltr'><em>lapidibus</em></span> <span class='ocrx_word' id='word_1_168' title='bbox 1543 2137 1598 2185; x_wconf 86' lang='lat' dir='ltr'><em>car</em></span> <span class='ocrx_word' id='word_1_169' title='bbox 1618 2112 1732 2186; x_wconf 77' lang='lat' dir='ltr'><em>umuli</em></span> <span class='ocrx_word' id='word_1_170' title='bbox 1754 2145 1771 2196; x_wconf 90' lang='lat'><em>,·</em></span> <span class='ocrx_word' id='word_1_171' title='bbox 1797 2115 1928 2209; x_wconf 79' lang='lat' dir='ltr'><em>denique</em></span> 
     </span>
     <span class='ocr_line' id='line_1_18' title="bbox 573 2203 1925 2307; baseline -0.005 -21"><span class='ocrx_word' id='word_1_172' title='bbox 573 2232 675 2288; x_wconf 82' lang='lat' dir='ltr'><em>rotun</em></span> <span class='ocrx_word' id='word_1_173' title='bbox 691 2217 859 2287; x_wconf 85' lang='lat' dir='ltr'><em>teruriuum</em></span> <span class='ocrx_word' id='word_1_174' title='bbox 878 2229 966 2285; x_wconf 88' lang='lat' dir='ltr'><em>tuum</em></span> <span class='ocrx_word' id='word_1_175' title='bbox 982 2206 1139 2305; x_wconf 78' lang='lat' dir='ltr'><em>lapidibus</em></span> <span class='ocrx_word' id='word_1_176' title='bbox 1146 2205 1371 2306; x_wconf 62' lang='lat' dir='ltr'><em>speciofflmu.</em></span> <span class='ocrx_word' id='word_1_177' title='bbox 1392 2203 1459 2307; x_wconf 88' lang='lat' dir='ltr'><em>Jes.</em></span> <span class='ocrx_word' id='word_1_178' title='bbox 1474 2230 1567 2282; x_wconf 73' lang='lat' dir='ltr'><em>clv:</em></span> <span class='ocrx_word' id='word_1_179' title='bbox 1591 2231 1647 2284; x_wconf 83' lang='grc' dir='ltr'><em>ιι.</em></span> <span class='ocrx_word' id='word_1_180' title='bbox 1700 2215 1925 2306; x_wconf 83' lang='lat' dir='ltr'><em>iterumque:</em></span> 
     </span>
     <span class='ocr_line' id='line_1_19' title="bbox 575 2300 1927 2404; baseline -0.005 -20"><span class='ocrx_word' id='word_1_181' title='bbox 575 2310 689 2385; x_wconf 80' lang='lat' dir='ltr'><em>Gloria</em></span> <span class='ocrx_word' id='word_1_182' title='bbox 711 2313 830 2385; x_wconf 78' lang='lat' dir='ltr'><em>libani</em></span> <span class='ocrx_word' id='word_1_183' title='bbox 848 2313 889 2381; x_wconf 89' lang='lat' dir='ltr'><em>ad</em></span> <span class='ocrx_word' id='word_1_184' title='bbox 911 2329 944 2382; x_wconf 88' lang='lat' dir='ltr'><em>tt</em></span> <span class='ocrx_word' id='word_1_185' title='bbox 961 2310 1159 2403; x_wconf 57' lang='lat' dir='ltr'><em>perveniam</em></span> <span class='ocrx_word' id='word_1_186' title='bbox 1192 2300 1304 2386; x_wconf 83' lang='lat' dir='ltr'><em>abies,</em></span> <span class='ocrx_word' id='word_1_187' title='bbox 1324 2308 1425 2387; x_wconf 79' lang='lat' dir='ltr'><em>tadu,</em></span> <span class='ocrx_word' id='word_1_188' title='bbox 1450 2302 1634 2403; x_wconf 79' lang='lat' dir='ltr'><em>arboresque</em></span> <span class='ocrx_word' id='word_1_189' title='bbox 1653 2322 1762 2404; x_wconf 85' lang='lat' dir='ltr'><em>opaca</em></span> <span class='ocrx_word' id='word_1_190' title='bbox 1782 2311 1927 2404; x_wconf 83' lang='lat' dir='ltr'><em>pariter,-</em></span> 
     </span>
     <span class='ocr_line' id='line_1_20' title="bbox 574 2400 1927 2500; baseline -0.002 -19"><span class='ocrx_word' id='word_1_191' title='bbox 574 2412 616 2481; x_wconf 89' lang='lat' dir='ltr'><em>ad</em></span> <span class='ocrx_word' id='word_1_192' title='bbox 639 2412 809 2481; x_wconf 76' lang='lat' dir='ltr'><em>arnaudum</em></span> <span class='ocrx_word' id='word_1_193' title='bbox 830 2407 932 2480; x_wconf 85' lang='lat' dir='ltr'><em>locum</em></span> <span class='ocrx_word' id='word_1_194' title='bbox 946 2406 1128 2479; x_wconf 82' lang='lat' dir='ltr'><em>Sanlluarii</em></span> <span class='ocrx_word' id='word_1_195' title='bbox 1148 2404 1212 2476; x_wconf 91' lang='lat' dir='ltr'><em>mei</em></span> <span class='ocrx_word' id='word_1_196' title='bbox 1222 2453 1234 2487; x_wconf 92' lang='lat'>‚</span> <span class='ocrx_word' id='word_1_197' title='bbox 1257 2423 1295 2474; x_wconf 91' lang='lat' dir='ltr'><em>ut</em></span> <span class='ocrx_word' id='word_1_198' title='bbox 1313 2401 1416 2474; x_wconf 81' lang='lat' dir='ltr'><em>locum</em></span> <span class='ocrx_word' id='word_1_199' title='bbox 1430 2408 1548 2500; x_wconf 83' lang='lat' dir='ltr'><em>pedum</em></span> <span class='ocrx_word' id='word_1_200' title='bbox 1567 2427 1710 2477; x_wconf 83' lang='lat' dir='ltr'><em>meortuu</em></span> <span class='ocrx_word' id='word_1_201' title='bbox 1729 2400 1927 2488; x_wconf 65' lang='lat' dir='ltr'><em>cohonesta-</em></span> 
     </span>
     <span class='ocr_line' id='line_1_21' title="bbox 574 2497 1927 2598; baseline -0.005 -18"><span class='ocrx_word' id='word_1_202' title='bbox 574 2513 641 2580; x_wconf 87' lang='lat' dir='ltr'><em>Pro</em></span> <span class='ocrx_word' id='word_1_203' title='bbox 660 2529 719 2578; x_wconf 87' lang='lat' dir='ltr'><em>are</em></span> <span class='ocrx_word' id='word_1_204' title='bbox 737 2508 887 2577; x_wconf 79' lang='lat' dir='ltr'><em>adducam</em></span> <span class='ocrx_word' id='word_1_205' title='bbox 904 2527 1038 2585; x_wconf 85' lang='lat' dir='ltr'><em>aurum,</em></span> <span class='ocrx_word' id='word_1_206' title='bbox 1065 2506 1108 2576; x_wconf 67' lang='lat' dir='ltr'><em>el*</em></span> <span class='ocrx_word' id='word_1_207' title='bbox 1124 2520 1186 2598; x_wconf 88' lang='lat' dir='ltr'><em>pro</em></span> <span class='ocrx_word' id='word_1_208' title='bbox 1208 2498 1297 2591; x_wconf 72' lang='lat' dir='ltr'><em>lignis</em></span> <span class='ocrx_word' id='word_1_209' title='bbox 1317 2523 1376 2579; x_wconf 84' lang='lat' dir='ltr'><em>as,</em></span> <span class='ocrx_word' id='word_1_210' title='bbox 1399 2501 1442 2573; x_wconf 65' lang='grc' dir='ltr'><em>Θ·</em></span> <span class='ocrx_word' id='word_1_211' title='bbox 1454 2518 1516 2595; x_wconf 89' lang='lat' dir='ltr'><em>pro</em></span> <span class='ocrx_word' id='word_1_212' title='bbox 1535 2497 1694 2596; x_wconf 79' lang='lat' dir='ltr'><em>lapidibus</em></span> <span class='ocrx_word' id='word_1_213' title='bbox 1706 2497 1867 2596; x_wconf 76' lang='lat' dir='ltr'><em>ferrum:</em></span> <span class='ocrx_word' id='word_1_214' title='bbox 1890 2500 1927 2573; x_wconf 83' lang='lat' dir='ltr'><em>d·</em></span> 
     </span>
     <span class='ocr_line' id='line_1_22' title="bbox 572 2592 1928 2789; baseline -0.001 -19"><span class='ocrx_word' id='word_1_215' title='bbox 572 2598 1104 2771; x_wconf 53' lang='lat' dir='ltr'><em>lllllll‘lslllll</em></span> <span class='ocrx_word' id='word_1_216' title='bbox 1119 2592 1508 2781; x_wconf 58' lang='lat' dir='ltr'><em>’llsslllllll‘</em></span> <span class='ocrx_word' id='word_1_217' title='bbox 1523 2593 1928 2789; x_wconf 64' lang='lat' dir='ltr'><em>&#39;llnlsstjllll</em></span> 
     </span>
    </p>

    <p class='ocr_par' dir='ltr' id='par_1_5' title="bbox 1092 2741 1472 2777">
     <span class='ocr_line' id='line_1_23' title="bbox 1092 2741 1472 2777; baseline 0 0"><span class='ocrx_word' id='word_1_218' title='bbox 1092 2743 1104 2777; x_wconf 75' lang='lat'><em>2</em></span> <span class='ocrx_word' id='word_1_219' title='bbox 1461 2741 1472 2777; x_wconf 70' lang='lat'><em>2</em></span> 
     </span>
    </p>

    <p class='ocr_par' dir='ltr' id='par_1_6' title="bbox 552 2719 1935 4053">
     <span class='ocr_line' id='line_1_24' title="bbox 576 2719 1924 2890; baseline -0.001 -26"><span class='ocrx_word' id='word_1_220' title='bbox 576 2789 835 2867; x_wconf 84' lang='lat' dir='ltr'><em>descendentem</em></span> <span class='ocrx_word' id='word_1_221' title='bbox 854 2819 873 2867; x_wconf 88' lang='lat' dir='ltr'><em>a</em></span> <span class='ocrx_word' id='word_1_222' title='bbox 890 2799 969 2865; x_wconf 91' lang='lat' dir='ltr'><em>Deo</em></span> <span class='ocrx_word' id='word_1_223' title='bbox 990 2818 1008 2865; x_wconf 91' lang='lat' dir='ltr'><em>e</em></span> <span class='ocrx_word' id='word_1_224' title='bbox 1028 2792 1139 2875; x_wconf 85' lang='lat' dir='ltr'><em>coelo,</em></span> <span class='ocrx_word' id='word_1_225' title='bbox 1165 2812 1317 2890; x_wconf 87' lang='lat' dir='ltr'><em>paratam</em></span> <span class='ocrx_word' id='word_1_226' title='bbox 1339 2813 1378 2862; x_wconf 92' lang='lat' dir='ltr'><em>ut</em></span> <span class='ocrx_word' id='word_1_227' title='bbox 1395 2786 1418 2862; x_wconf 98' lang='lat' dir='ltr'><em>s</em></span> <span class='ocrx_word' id='word_1_228' title='bbox 1434 2719 1551 2864; x_wconf 65' lang='lat' dir='ltr'><em>osuii</em></span> <span class='ocrx_word' id='word_1_229' title='bbox 1572 2814 1730 2866; x_wconf 87' lang='lat' dir='ltr'><em>ornatam</em></span> <span class='ocrx_word' id='word_1_230' title='bbox 1753 2795 1839 2867; x_wconf 86' lang='lat' dir='ltr'><em>viro</em></span> <span class='ocrx_word' id='word_1_231' title='bbox 1857 2787 1924 2865; x_wconf 81' lang='lat' dir='ltr'><em>fito.</em></span> 
     </span>
     <span class='ocr_line' id='line_1_25' title="bbox 578 2816 1926 2989; baseline -0.001 -26"><span class='ocrx_word' id='word_1_232' title='bbox 578 2891 773 2963; x_wconf 89' lang='lat' dir='ltr'><em>Habentem</em></span> <span class='ocrx_word' id='word_1_233' title='bbox 794 2890 943 2988; x_wconf 84' lang='lat' dir='ltr'><em>gloriam</em></span> <span class='ocrx_word' id='word_1_234' title='bbox 966 2892 1058 2963; x_wconf 86' lang='lat' dir='ltr'><em>Dei:</em></span> <span class='ocrx_word' id='word_1_235' title='bbox 1085 2892 1123 2962; x_wconf 76' lang='grc' dir='ltr'><em>δι</em></span> <span class='ocrx_word' id='word_1_236' title='bbox 1151 2889 1247 2979; x_wconf 89' lang='lat' dir='ltr'><em>cujus</em></span> <span class='ocrx_word' id='word_1_237' title='bbox 1268 2888 1384 2959; x_wconf 91' lang='lat' dir='ltr'><em>lumen</em></span> <span class='ocrx_word' id='word_1_238' title='bbox 1403 2816 1510 2962; x_wconf 63' lang='lat' dir='ltr'><em>limile</em></span> <span class='ocrx_word' id='word_1_239' title='bbox 1530 2888 1640 2987; x_wconf 91' lang='lat' dir='ltr'><em>lapidi</em></span> <span class='ocrx_word' id='word_1_240' title='bbox 1665 2885 1926 2989; x_wconf 67' lang='lat' dir='ltr'><em>pretiosisimo,</em></span> 
     </span>
     <span class='ocr_line' id='line_1_26' title="bbox 577 2980 1928 3085; baseline -0.001 -25"><span class='ocrx_word' id='word_1_241' title='bbox 577 3010 743 3084; x_wconf 85' lang='lat' dir='ltr'><em>tanquam</em></span> <span class='ocrx_word' id='word_1_242' title='bbox 772 2986 878 3085; x_wconf 89' lang='lat' dir='ltr'><em>lapidi</em></span> <span class='ocrx_word' id='word_1_243' title='bbox 904 2982 1048 3085; x_wconf 87' lang='lat' dir='ltr'><em>jaspidi,</em></span> <span class='ocrx_word' id='word_1_244' title='bbox 1076 2984 1177 3060; x_wconf 81' lang='lat' dir='ltr'><em>instar</em></span> <span class='ocrx_word' id='word_1_245' title='bbox 1198 2982 1345 3081; x_wconf 86' lang='lat' dir='ltr'><em>crystalli</em></span> <span class='ocrx_word' id='word_1_246' title='bbox 1367 2980 1574 3083; x_wconf 82' lang='lat' dir='ltr'><em>splendenti.</em></span> <span class='ocrx_word' id='word_1_247' title='bbox 1625 2985 1835 3061; x_wconf 85' lang='lat' dir='ltr'><em>Habentem</em></span> <span class='ocrx_word' id='word_1_248' title='bbox 1857 3009 1928 3060; x_wconf 88' lang='lat' dir='ltr'><em>mu·</em></span> 
     </span>
     <span class='ocr_line' id='line_1_27' title="bbox 577 3078 1928 3183; baseline -0.001 -26"><span class='ocrx_word' id='word_1_249' title='bbox 577 3107 656 3158; x_wconf 86' lang='lat' dir='ltr'><em>rum</em></span> <span class='ocrx_word' id='word_1_250' title='bbox 675 3107 839 3183; x_wconf 85' lang='lat' dir='ltr'><em>magnum</em></span> <span class='ocrx_word' id='word_1_251' title='bbox 870 3086 906 3155; x_wconf 90' lang='lat'>&amp;</span> <span class='ocrx_word' id='word_1_252' title='bbox 929 3081 1112 3157; x_wconf 90' lang='lat' dir='ltr'><em>sublimem</em></span> <span class='ocrx_word' id='word_1_253' title='bbox 1137 3109 1181 3157; x_wconf 88' lang='lat' dir='ltr'><em>ex</em></span> <span class='ocrx_word' id='word_1_254' title='bbox 1199 3078 1352 3180; x_wconf 63' lang='lat' dir='ltr'><em>jaspide,</em></span> <span class='ocrx_word' id='word_1_255' title='bbox 1388 3086 1426 3155; x_wconf 75' lang='grc' dir='ltr'><em>δι</em></span> <span class='ocrx_word' id='word_1_256' title='bbox 1450 3081 1673 3157; x_wconf 81' lang='lat' dir='ltr'><em>fundamenta</em></span> <span class='ocrx_word' id='word_1_257' title='bbox 1692 3088 1792 3159; x_wconf 88' lang='lat' dir='ltr'><em>muri</em></span> <span class='ocrx_word' id='word_1_258' title='bbox 1813 3103 1928 3160; x_wconf 83' lang='lat' dir='ltr'><em>ornata</em></span> 
     </span>
     <span class='ocr_line' id='line_1_28' title="bbox 579 3175 1924 3284; baseline 0.005 -31"><span class='ocrx_word' id='word_1_259' title='bbox 579 3182 675 3253; x_wconf 93' lang='lat' dir='ltr'><em>omni</em></span> <span class='ocrx_word' id='word_1_260' title='bbox 698 3180 813 3279; x_wconf 87' lang='lat' dir='ltr'><em>lapide</em></span> <span class='ocrx_word' id='word_1_261' title='bbox 843 3175 1025 3279; x_wconf 87' lang='lat' dir='ltr'><em>pretioso,</em></span> <span class='ocrx_word' id='word_1_262' title='bbox 1053 3184 1229 3281; x_wconf 88' lang='lat' dir='ltr'><em>&amp;portas</em></span> <span class='ocrx_word' id='word_1_263' title='bbox 1257 3178 1443 3253; x_wconf 89' lang='lat' dir='ltr'><em>duodecim</em></span> <span class='ocrx_word' id='word_1_264' title='bbox 1463 3205 1508 3253; x_wconf 87' lang='lat' dir='ltr'><em>ex</em></span> <span class='ocrx_word' id='word_1_265' title='bbox 1526 3181 1676 3254; x_wconf 90' lang='lat' dir='ltr'><em>totidem</em></span> <span class='ocrx_word' id='word_1_266' title='bbox 1706 3183 1924 3284; x_wconf 75' lang='lat' dir='ltr'><em>margaritisr</em></span> 
     </span>
     <span class='ocr_line' id='line_1_29' title="bbox 578 3271 1929 3379; baseline -0.001 -28"><span class='ocrx_word' id='word_1_267' title='bbox 578 3280 616 3351; x_wconf 90' lang='lat'>&amp;</span> <span class='ocrx_word' id='word_1_268' title='bbox 637 3277 765 3376; x_wconf 86' lang='lat' dir='ltr'><em>plateas</em></span> <span class='ocrx_word' id='word_1_269' title='bbox 786 3303 830 3352; x_wconf 87' lang='lat' dir='ltr'><em>ex</em></span> <span class='ocrx_word' id='word_1_270' title='bbox 851 3301 934 3350; x_wconf 90' lang='lat' dir='ltr'><em>auro</em></span> <span class='ocrx_word' id='word_1_271' title='bbox 953 3302 1042 3375; x_wconf 87' lang='lat' dir='ltr'><em>puro</em></span> <span class='ocrx_word' id='word_1_272' title='bbox 1062 3300 1230 3379; x_wconf 85' lang='lat' dir='ltr'><em>tanquam</em></span> <span class='ocrx_word' id='word_1_273' title='bbox 1249 3278 1340 3351; x_wconf 91' lang='lat' dir='ltr'><em>vitro</em></span> <span class='ocrx_word' id='word_1_274' title='bbox 1358 3278 1561 3375; x_wconf 79' lang='lat' dir='ltr'><em>pellucid03</em></span> <span class='ocrx_word' id='word_1_275' title='bbox 1586 3278 1647 3350; x_wconf 91' lang='lat' dir='ltr'><em>ubi</em></span> <span class='ocrx_word' id='word_1_276' title='bbox 1664 3271 1739 3377; x_wconf 87' lang='lat' dir='ltr'><em>ipse</em></span> <span class='ocrx_word' id='word_1_277' title='bbox 1752 3279 1929 3354; x_wconf 79' lang='lat' dir='ltr'><em>Dominus</em></span> 
     </span>
     <span class='ocr_line' id='line_1_30' title="bbox 577 3373 1930 3475; baseline 0.001 -28"><span class='ocrx_word' id='word_1_278' title='bbox 577 3378 676 3448; x_wconf 89' lang='lat' dir='ltr'><em>Deus</em></span> <span class='ocrx_word' id='word_1_279' title='bbox 703 3377 925 3472; x_wconf 89' lang='lat' dir='ltr'><em>omnipotens</em></span> <span class='ocrx_word' id='word_1_280' title='bbox 948 3377 987 3448; x_wconf 76' lang='grc' dir='ltr'><em>δι</em></span> <span class='ocrx_word' id='word_1_281' title='bbox 1016 3381 1137 3475; x_wconf 80' lang='lat' dir='ltr'><em>Agnus</em></span> <span class='ocrx_word' id='word_1_282' title='bbox 1160 3401 1225 3475; x_wconf 88' lang='lat' dir='ltr'><em>pro</em></span> <span class='ocrx_word' id='word_1_283' title='bbox 1248 3374 1382 3474; x_wconf 86' lang='lat' dir='ltr'><em>templo</em></span> <span class='ocrx_word' id='word_1_284' title='bbox 1425 3373 1484 3448; x_wconf 87' lang='lat' dir='ltr'><em>est.</em></span> <span class='ocrx_word' id='word_1_285' title='bbox 1558 3381 1686 3474; x_wconf 88' lang='lat' dir='ltr'><em>Neque</em></span> <span class='ocrx_word' id='word_1_286' title='bbox 1715 3376 1848 3450; x_wconf 85' lang='lat' dir='ltr'><em>civitas</em></span> <span class='ocrx_word' id='word_1_287' title='bbox 1877 3373 1930 3449; x_wconf 75' lang='lat' dir='ltr'><em>ille</em></span> 
     </span>
     <span class='ocr_line' id='line_1_31' title="bbox 580 3468 1932 3644; baseline 0.001 -102"><span class='ocrx_word' id='word_1_288' title='bbox 580 3495 658 3569; x_wconf 84' lang='lat' dir='ltr'><em>eget</em></span> <span class='ocrx_word' id='word_1_289' title='bbox 680 3468 752 3546; x_wconf 88' lang='lat' dir='ltr'><em>sole</em></span> <span class='ocrx_word' id='word_1_290' title='bbox 768 3473 826 3546; x_wconf 88' lang='lat' dir='ltr'><em>vel</em></span> <span class='ocrx_word' id='word_1_291' title='bbox 844 3471 954 3555; x_wconf 88' lang='lat' dir='ltr'><em>luna,</em></span> <span class='ocrx_word' id='word_1_292' title='bbox 989 3494 1029 3545; x_wconf 92' lang='lat' dir='ltr'><em>ut</em></span> <span class='ocrx_word' id='word_1_293' title='bbox 1044 3476 1181 3546; x_wconf 87' lang='lat' dir='ltr'><em>luceant</em></span> <span class='ocrx_word' id='word_1_294' title='bbox 1197 3474 1285 3546; x_wconf 87' lang='lat' dir='ltr'><em>inea</em></span> <span class='ocrx_word' id='word_1_295' title='bbox 1309 3498 1321 3542; x_wconf 72' lang='grc' dir='ltr'>ι</span> <span class='ocrx_word' id='word_1_296' title='bbox 1356 3496 1436 3544; x_wconf 86' lang='lat' dir='ltr'><em>nam</em></span> <span class='ocrx_word' id='word_1_297' title='bbox 1451 3470 1562 3583; x_wconf 82' lang='lat' dir='ltr'><em>gloria</em></span> <span class='ocrx_word' id='word_1_298' title='bbox 1583 3475 1653 3584; x_wconf 64' lang='lat' dir='ltr'><em>pei</em></span> <span class='ocrx_word' id='word_1_299' title='bbox 1672 3471 1932 3644; x_wconf 56' lang='lat' dir='ltr'><em>illustratseaufir:</em></span> 
     </span>
     <span class='ocr_line' id='line_1_32' title="bbox 577 3568 1932 3775; baseline 0.007 -38"><span class='ocrx_word' id='word_1_300' title='bbox 577 3569 1260 3761; x_wconf 47' lang='lat' dir='ltr'><em>slentsessonensi</em></span> <span class='ocrx_word' id='word_1_301' title='bbox 1288 3568 1932 3775; x_wconf 58' lang='lat' dir='ltr'><em>perlustrassem</em></span> 
     </span>
     <span class='ocr_line' id='line_1_33' title="bbox 576 3688 1931 3862; baseline 0.001 -28"><span class='ocrx_word' id='word_1_302' title='bbox 576 3688 615 3834; x_wconf 61' lang='lat' dir='ltr'><em>in</em></span> <span class='ocrx_word' id='word_1_303' title='bbox 631 3760 775 3838; x_wconf 78' lang='lat' dir='ltr'><em>Ecclesia</em></span> <span class='ocrx_word' id='word_1_304' title='bbox 792 3759 850 3834; x_wconf 88' lang='lat' dir='ltr'><em>sua</em></span> <span class='ocrx_word' id='word_1_305' title='bbox 870 3760 1072 3835; x_wconf 89' lang='lat' dir='ltr'><em>melioribus</em></span> <span class='ocrx_word' id='word_1_306' title='bbox 1085 3762 1301 3861; x_wconf 84' lang='lat' dir='ltr'><em>temporibus</em></span> <span class='ocrx_word' id='word_1_307' title='bbox 1318 3756 1506 3846; x_wconf 71' lang='lat' dir='ltr'><em>reservata,</em></span> <span class='ocrx_word' id='word_1_308' title='bbox 1534 3786 1574 3836; x_wconf 95' lang='lat' dir='ltr'><em>ut</em></span> <span class='ocrx_word' id='word_1_309' title='bbox 1591 3785 1706 3837; x_wconf 88' lang='lat' dir='ltr'><em>tamen</em></span> <span class='ocrx_word' id='word_1_310' title='bbox 1718 3759 1931 3862; x_wconf 82' lang='lat' dir='ltr'><em>plenumsui</em></span> 
     </span>
     <span class='ocr_line' id='line_1_34' title="bbox 552 3854 1933 3964; baseline 0.004 -33"><span class='ocrx_word' id='word_1_311' title='bbox 552 3876 555 3881; x_wconf 83' lang='grc'><strong>“</strong></span> <span class='ocrx_word' id='word_1_312' title='bbox 577 3859 873 3958; x_wconf 81' lang='lat' dir='ltr'><em>complementum</em></span> <span class='ocrx_word' id='word_1_313' title='bbox 892 3854 1136 3955; x_wconf 91' lang='lat' dir='ltr'><em>summumque</em></span> <span class='ocrx_word' id='word_1_314' title='bbox 1152 3882 1256 3933; x_wconf 87' lang='lat' dir='ltr'><em>tantae</em></span> <span class='ocrx_word' id='word_1_315' title='bbox 1274 3858 1446 3964; x_wconf 81' lang='lat' dir='ltr'><em>felicitatis</em></span> <span class='ocrx_word' id='word_1_316' title='bbox 1463 3863 1601 3958; x_wconf 82' lang='lat' dir='ltr'><em>apicem</em></span> <span class='ocrx_word' id='word_1_317' title='bbox 1609 3856 1802 3935; x_wconf 83' lang='lat' dir='ltr'><em>sortiantur</em></span> <span class='ocrx_word' id='word_1_318' title='bbox 1813 3863 1853 3936; x_wconf 91' lang='lat' dir='ltr'><em>in</em></span> <span class='ocrx_word' id='word_1_319' title='bbox 1869 3885 1933 3938; x_wconf 82' lang='lat' dir='ltr'><em>cte·</em></span> 
     </span>
     <span class='ocr_line' id='line_1_35' title="bbox 576 3951 1935 4053; baseline 0.003 -24"><span class='ocrx_word' id='word_1_320' title='bbox 576 3954 642 4029; x_wconf 88' lang='lat' dir='ltr'><em>lis:</em></span> <span class='ocrx_word' id='word_1_321' title='bbox 670 3959 731 4053; x_wconf 92' lang='lat' dir='ltr'><em>qui</em></span> <span class='ocrx_word' id='word_1_322' title='bbox 749 3959 786 4029; x_wconf 77' lang='grc' dir='ltr'><em>δι</em></span> <span class='ocrx_word' id='word_1_323' title='bbox 801 3951 862 4052; x_wconf 89' lang='lat' dir='ltr'><em>ipsr</em></span> <span class='ocrx_word' id='word_1_324' title='bbox 882 3979 969 4028; x_wconf 85' lang='lat' dir='ltr'><em>mous</em></span> <span class='ocrx_word' id='word_1_325' title='bbox 988 3960 1085 4037; x_wconf 85' lang='lat' dir='ltr'><em>Sion,</em></span> <span class='ocrx_word' id='word_1_326' title='bbox 1107 3958 1224 4031; x_wconf 80' lang='lat' dir='ltr'><em>civitae</em></span> <span class='ocrx_word' id='word_1_327' title='bbox 1234 3958 1302 4031; x_wconf 84' lang='lat' dir='ltr'><em>Dei</em></span> <span class='ocrx_word' id='word_1_328' title='bbox 1310 3958 1403 4038; x_wconf 83' lang='lat' dir='ltr'><em>vivi,</em></span> <span class='ocrx_word' id='word_1_329' title='bbox 1424 3959 1462 4032; x_wconf 89' lang='lat'>&amp;</span> <span class='ocrx_word' id='word_1_330' title='bbox 1478 3954 1679 4048; x_wconf 79' lang='lat' dir='ltr'><em>Hierusalem</em></span> <span class='ocrx_word' id='word_1_331' title='bbox 1691 3955 1832 4043; x_wconf 71' lang='lat' dir='ltr'><em>celestii,</em></span> <span class='ocrx_word' id='word_1_332' title='bbox 1848 3981 1935 4033; x_wconf 89' lang='lat' dir='ltr'><em>nuu-</em></span> 
     </span>
    </p>

    <p class='ocr_par' dir='ltr' id='par_1_7' title="bbox 396 4053 1937 4352">
     <span class='ocr_line' id='line_1_36' title="bbox 578 4053 1067 4149; baseline 0.012 -25"><span class='ocrx_word' id='word_1_333' title='bbox 578 4076 757 4149; x_wconf 85' lang='lat' dir='ltr'><em>cupantut.</em></span> <span class='ocrx_word' id='word_1_334' title='bbox 787 4053 897 4127; x_wconf 88' lang='lat' dir='ltr'><em>Hebr.</em></span> <span class='ocrx_word' id='word_1_335' title='bbox 910 4075 996 4125; x_wconf 86' lang='lat' dir='ltr'>x11:</span> <span class='ocrx_word' id='word_1_336' title='bbox 1011 4076 1067 4131; x_wconf 71' lang='grc' dir='ltr'><em>η,</em></span> 
     </span>
     <span class='ocr_line' id='line_1_37' title="bbox 397 4150 1937 4251; baseline 0.005 -29"><span class='ocrx_word' id='word_1_337' title='bbox 397 4164 571 4230; x_wconf 70' lang='lat' dir='ltr'><em>molat</em></span> <span class='ocrx_word' id='word_1_338' title='bbox 676 4152 801 4223; x_wconf 90' lang='lat' dir='ltr'><strong>XXX.</strong></span> <span class='ocrx_word' id='word_1_339' title='bbox 829 4157 878 4222; x_wconf 89' lang='lat' dir='ltr'><em>lta</em></span> <span class='ocrx_word' id='word_1_340' title='bbox 896 4171 1014 4224; x_wconf 86' lang='lat' dir='ltr'><em>natura</em></span> <span class='ocrx_word' id='word_1_341' title='bbox 1042 4169 1278 4249; x_wconf 87' lang='lat' dir='ltr'><em>comparatum</em></span> <span class='ocrx_word' id='word_1_342' title='bbox 1295 4150 1373 4234; x_wconf 86' lang='lat' dir='ltr'><em>est,</em></span> <span class='ocrx_word' id='word_1_343' title='bbox 1409 4150 1539 4225; x_wconf 91' lang='lat' dir='ltr'><em>nullius</em></span> <span class='ocrx_word' id='word_1_344' title='bbox 1556 4172 1597 4225; x_wconf 94' lang='lat' dir='ltr'><em>ut</em></span> <span class='ocrx_word' id='word_1_345' title='bbox 1615 4171 1754 4251; x_wconf 79' lang='lat' dir='ltr'><em>magnae</em></span> <span class='ocrx_word' id='word_1_346' title='bbox 1784 4154 1937 4229; x_wconf 77' lang='lat' dir='ltr'><em>civitatis</em></span> 
     </span>
     <span class='ocr_line' id='line_1_38' title="bbox 396 4240 1937 4352; baseline 0.004 -34"><span class='ocrx_word' id='word_1_347' title='bbox 396 4240 545 4336; x_wconf 62' lang='lat' dir='ltr'><em>mmccccl</em></span> <span class='ocrx_word' id='word_1_348' title='bbox 579 4245 639 4317; x_wconf 92' lang='lat' dir='ltr'><em>diu</em></span> <span class='ocrx_word' id='word_1_349' title='bbox 661 4244 786 4318; x_wconf 90' lang='lat' dir='ltr'><em>eodem</em></span> <span class='ocrx_word' id='word_1_350' title='bbox 816 4246 896 4320; x_wconf 90' lang='lat' dir='ltr'><em>loco</em></span> <span class='ocrx_word' id='word_1_351' title='bbox 917 4249 979 4321; x_wconf 90' lang='lat' dir='ltr'><em>stet</em></span> <span class='ocrx_word' id='word_1_352' title='bbox 1010 4247 1159 4323; x_wconf 88' lang='lat' dir='ltr'><em>fortuna.</em></span> <span class='ocrx_word' id='word_1_353' title='bbox 1211 4255 1413 4322; x_wconf 88' lang='lat' dir='ltr'><em>Pervenerat</em></span> <span class='ocrx_word' id='word_1_354' title='bbox 1446 4246 1506 4321; x_wconf 94' lang='lat' dir='ltr'><em>sub</em></span> <span class='ocrx_word' id='word_1_355' title='bbox 1530 4247 1729 4323; x_wconf 88' lang='lat' dir='ltr'><em>Salomonis</em></span> <span class='ocrx_word' id='word_1_356' title='bbox 1747 4274 1868 4352; x_wconf 81' lang='lat' dir='ltr'><em>tegno</em></span> <span class='ocrx_word' id='word_1_357' title='bbox 1895 4247 1937 4324; x_wconf 76' lang='lat' dir='ltr'><em>td</em></span> 
     </span>
    </p>

    <p class='ocr_par' dir='ltr' id='par_1_8' title="bbox 388 4317 1862 4469">
     <span class='ocr_line' id='line_1_39' title="bbox 388 4317 1862 4469; baseline 0.005 -56"><span class='ocrx_word' id='word_1_358' title='bbox 388 4317 552 4469; x_wconf 55' lang='lat' dir='ltr'><em>ssym&#39;b</em></span> <span class='ocrx_word' id='word_1_359' title='bbox 576 4338 750 4415; x_wconf 92' lang='lat' dir='ltr'><em>summum</em></span> <span class='ocrx_word' id='word_1_360' title='bbox 773 4343 946 4418; x_wconf 85' lang='lat' dir='ltr'><em>felicitatis</em></span> <span class='ocrx_word' id='word_1_361' title='bbox 969 4346 1209 4443; x_wconf 69' lang='lat' dir='ltr'><em>Hierosolyma.</em></span> <span class='ocrx_word' id='word_1_362' title='bbox 1251 4351 1377 4444; x_wconf 87' lang='lat' dir='ltr'><em>Neque</em></span> <span class='ocrx_word' id='word_1_363' title='bbox 1394 4348 1464 4438; x_wconf 86' lang='lat' dir='ltr'><em>jam</em></span> <span class='ocrx_word' id='word_1_364' title='bbox 1484 4345 1574 4418; x_wconf 91' lang='lat' dir='ltr'><em>ultra</em></span> <span class='ocrx_word' id='word_1_365' title='bbox 1593 4345 1657 4419; x_wconf 90' lang='lat' dir='ltr'><em>fuit</em></span> <span class='ocrx_word' id='word_1_366' title='bbox 1677 4327 1752 4441; x_wconf 75' lang='lat' dir='ltr'><em>quo</em></span> <span class='ocrx_word' id='word_1_367' title='bbox 1774 4345 1862 4424; x_wconf 85' lang='lat' dir='ltr'><em>exsu</em></span> 
     </span>
    </p>

    <p class='ocr_par' dir='ltr' id='par_1_9' title="bbox 395 4439 1943 4548">
     <span class='ocr_line' id='line_1_40' title="bbox 395 4439 1943 4548; baseline -0.008 -18"><span class='ocrx_word' id='word_1_368' title='bbox 395 4490 473 4548; x_wconf 72' lang='lat' dir='ltr'><em>regno</em></span> <span class='ocrx_word' id='word_1_369' title='bbox 495 4469 549 4529; x_wconf 74' lang='lat' dir='ltr'><em>Rc.</em></span> <span class='ocrx_word' id='word_1_370' title='bbox 572 4461 626 4519; x_wconf 86' lang='lat' dir='ltr'><em>ret</em></span> <span class='ocrx_word' id='word_1_371' title='bbox 656 4441 728 4533; x_wconf 77' lang='lat' dir='ltr'><em>ejus</em></span> <span class='ocrx_word' id='word_1_372' title='bbox 746 4442 963 4545; x_wconf 80' lang='lat' dir='ltr'><em>magnitudo.</em></span> <span class='ocrx_word' id='word_1_373' title='bbox 1023 4449 1141 4544; x_wconf 77' lang='lat' dir='ltr'><em>Qute</em></span> <span class='ocrx_word' id='word_1_374' title='bbox 1160 4443 1380 4520; x_wconf 78' lang='lat' dir='ltr'><em>incrementis</em></span> <span class='ocrx_word' id='word_1_375' title='bbox 1404 4439 1622 4531; x_wconf 84' lang='lat' dir='ltr'><em>consumtis,</em></span> <span class='ocrx_word' id='word_1_376' title='bbox 1647 4442 1798 4522; x_wconf 81' lang='lat' dir='ltr'><em>reflabat</em></span> <span class='ocrx_word' id='word_1_377' title='bbox 1810 4449 1867 4520; x_wconf 91' lang='lat' dir='ltr'><em>uti</em></span> <span class='ocrx_word' id='word_1_378' title='bbox 1917 4446 1943 4518; x_wconf 89' lang='lat' dir='ltr'><em>ti</em></span> 
     </span>
    </p>
   </div>
   <div class='ocr_carea' id='block_1_4' title="bbox 1818 4543 1942 4646">
    <p class='ocr_par' dir='ltr' id='par_1_10' title="bbox 1818 4543 1942 4646">
     <span class='ocr_line' id='line_1_41' title="bbox 1818 4543 1942 4646; baseline -0.056 -24"><span class='ocrx_word' id='word_1_379' title='bbox 1818 4595 1823 4602; x_wconf 92' lang='lat'><em>-</em></span> <span class='ocrx_word' id='word_1_380' title='bbox 1863 4543 1942 4646; x_wconf 76' lang='lat' dir='ltr'><em>lege</em></span> 
     </span>
    </p>
   </div>
   <div class='ocr_carea' id='block_1_5' title="bbox 0 0 2347 5442">
    <p class='ocr_par' dir='ltr' id='par_1_11' title="bbox 0 0 2347 5442">
     <span class='ocr_line' id='line_1_42' title="bbox 0 0 2347 5442; baseline 0 0"><span class='ocrx_word' id='word_1_381' title='bbox 0 0 2347 5442; x_wconf 95' lang='lat' dir='ltr'><em> </em></span> 
     </span>
    </p>
   </div>
  </div>
 </body>
</html>
