4667 5442
662 507 741 602 De
777 504 1076 601 Tueorooo
1112 504 1388 605 Monesen.
1610 537 1706 639 713

412 665 460 746 llo
481 655 612 770 pravio
627 671 807 754 examine,
834 669 929 745 nulla
939 664 1077 742 admissa
1089 669 1226 744 meliori
1240 670 1482 746 informatione
1497 720 1507 754 ,
1534 673 1658 765 jurent,
1671 679 1709 749 dc

412 793 492 842 nere
511 788 660 865 arreptas
679 770 860 865 opiniones
879 769 1048 866 praestasse
1063 788 1241 850 tueantur,
1263 793 1326 864 pro
1338 770 1379 840 iis
1391 791 1553 866 tanquam
1568 799 1631 869 pro
1642 775 1707 845 aris

418 863 505 938 socia
522 865 707 946 dimicent,
732 867 788 946 δι,
813 868 894 961 quia
906 865 1101 941 decretoriis
1113 865 1215 935 armis
1227 889 1296 937 non
1309 861 1465 962 possunt,
1492 871 1635 941 rudibus
1650 867 1708 942 sae·

427 963 464 1034 &
486 960 642 1034 caestibus
658 960 835 1057 pueriliter
852 962 1013 1041 batuant,
1041 963 1076 1033 in
1090 961 1134 1032 iis
1151 955 1233 1032 solis
1246 965 1359 1033 omnis
1378 958 1548 1059 sapientia
1571 992 1707 1060 proram

415 1060 562 1156 puppim
583 1056 775 1139 collocent,
803 1060 922 1155 &qui
943 1054 1064 1131 iisdem
1084 1082 1154 1129 non
1172 1060 1297 1152 pariter
1320 1082 1397 1131 cum
1417 1055 1494 1155 ipbs
1515 1055 1705 1160 assurgunt,

412 1177 493 1228 etan
522 1178 603 1226 uam
623 1146 761 1227 inscitos
778 1153 1025 1228 homunciones
1043 1154 1178 1226 adunco
1193 1150 1501 1250 suspendantnaso,
1529 1159 1596 1238 vel,
1611 1158 1709 1255 quod

412 1271 456 1324 tte
476 1254 511 1322 ni
539 1249 589 1322 ilo
608 1248 732 1323 melius
744 1248 811 1332 est,
840 1271 1002 1348 tanquam
1016 1274 1131 1348 pravae
1145 1252 1308 1322 novitatis
1319 1247 1486 1348 suspectos
1500 1250 1708 1326 calumniose

412 1345 558 1438 educant.
610 1350 711 1428 Hoc,
737 1342 760 1417 st
780 1371 859 1419 vera
878 1372 990 1420 rerum
1008 1344 1177 1420 vocabula
1195 1346 1349 1421 nondum
1368 1345 1504 1443 prorsus
1521 1347 1704 1432 amisimus,

412 1444 467 1516 bio
486 1441 558 1525 est,
586 1441 751 1517 modestia
771 1467 839 1516 non
859 1441 917 1517 est.

465 1545 583 1630 Quam
599 1562 665 1637 ego
685 1538 885 1612 modestiam
903 1565 973 1613 non
991 1541 1105 1612 minus
1123 1543 1157 1614 in
1174 1537 1309 1637 fimplici
1328 1587 1339 1623 ,
1361 1542 1483 1638 placido
1503 1542 1709 1641 &aequabili

412 1643 497 1711 renai
511 1640 622 1720 modo,
648 1661 752 1732 quam
768 1639 801 1708 in
813 1635 948 1731 ipscarum
961 1662 1067 1709 rerum
1086 1638 1274 1735 eapofitione
1288 1638 1419 1711 elucere
1440 1636 1558 1714 velim.
1611 1639 1710 1716 Casta

412 1735 440 1808 ei
457 1731 594 1830 eloquia
608 1729 765 1831 religiosa
780 1729 869 1814 fide,
898 1732 989 1806 sacili
1002 1758 1110 1814 vena,
1137 1736 1273 1830 integro
1286 1735 1454 1816 candore,
1481 1737 1601 1831 procul
1614 1738 1709 1809 omni

412 1829 512 1913 idio,
540 1827 628 1902 casto
650 1825 670 1899 s
688 1831 769 1901 iritu
789 1855 826 1903 ac
851 1825 1006 1903 sermone
1023 1831 1193 1902 tractanda
1213 1830 1300 1905 sunt.
1351 1838 1433 1902 Nou
1458 1830 1709 1907 dehonestanda

412 1949 525 2000 manae
541 1854 771 2023 philosiphiae
786 1926 894 2000 veluti
908 1928 1027 2000 naeniis
1044 1927 1253 2024 quibusdam
1265 1926 1541 2009 intercalaribus,
1569 1956 1638 2002 non
1650 1932 1713 2001 de-

412 2024 547 2096 rmanda
574 2020 791 2096 barbararum
816 2025 852 2095 &
884 2020 1084 2097 insulsarum
1114 2024 1331 2098 locutionum
1353 2025 1530 2096 incondito
1552 2025 1711 2122 strepitu}

412 2119 420 2192 i
439 2143 501 2192 nec
520 2141 637 2192 contra
652 2118 862 2193 verecundiae
873 2119 967 2218 leges
976 2119 1170 2195 Rhetorum
1181 2123 1367 2228 pigmentis
1379 2119 1532 2195 fucanda.
1582 2125 1710 2195 Omnis

412 2246 414 2281 ε
433 2216 535 2290 rebus
553 2218 690 2288 Divinis
706 2211 817 2289 sermo
829 2241 871 2286 eo
894 2218 1019 2291 melior
1038 2215 1105 2297 est,
1134 2242 1207 2314 quo
1221 2218 1416 2314 simplicior.
1470 2217 1573 2289 Addo
1589 2220 1706 2301 etiam,

412 2337 444 2386 ιο
455 2312 635 2409 placidior.
685 2318 787 2387 Tunc
804 2316 898 2387 enim
909 2318 1067 2387 omnium
1086 2311 1248 2387 facillime
1262 2317 1296 2388 in
1311 2337 1442 2387 mentes
1459 2317 1652 2386 auditorum
1663 2315 1708 2386 il-

412 2410 494 2483 >itur
511 2455 522 2492 ,
549 2408 690 2505 quando
707 2406 832 2482 blanda
854 2435 892 2486 ac
907 2407 1080 2484 mansueta
1102 2406 1134 2482 se
1148 2411 1301 2485 veritatis
1317 2414 1353 2484 δι
1369 2410 1539 2484 charitatis
1562 2410 1710 2485 demon·

413 2507 528 2579 atione
547 2501 699 2579 insinuat.
748 2512 833 2580 Non
852 2508 977 2606 ignoro
996 2506 1161 2603 equidem
1180 2511 1376 2606 contingere
1387 2501 1595 2604 aliquoties,
1622 2509 1709 2581 utin

412 2603 444 2676 ie
460 2601 614 2676 flandum
629 2603 709 2677 viris
723 2606 790 2676 Dei
808 2601 870 2686 sit,
897 2627 1058 2701 armaque
1076 2631 1095 2676 a
1116 2607 1245 2678 dextris
1260 2602 1438 2678 &sinistris
1458 2602 1616 2678 adversus
1627 2631 1709 2678 con·

412 2722 500 2774 ratos
521 2701 718 2776 veritatis&
736 2701 872 2797 pietatis
882 2698 994 2775 hostes
1008 2702 1221 2798 expedienda
1237 2705 1385 2774 veniant.
1438 2701 1610 2775 Mollibus
1629 2725 1710 2778 tunc

412 2797 522 2872 riculis
541 2799 667 2869 ttassari
684 2794 750 2872 sese
770 2822 823 2871 res
844 2823 913 2871 non
937 2800 1076 2895 patitur.
1127 2800 1326 2873 Dulciffima
1343 2798 1467 2873 Christi
1489 2798 1651 2873 columba
1673 2803 1710 2873 δι

412 2893 543 2970 itisstma
555 2889 692 2991 sponsa,
720 2897 817 2984 cujus
835 2893 925 2967 labia
935 2899 1144 2993 caeteroquin
1164 2895 1278 2969 savum
1298 2895 1445 2980 stillant,
1473 2901 1569 2984 cuius
1584 2897 1709 3007 linguae

412 2992 443 3066 el
455 2992 491 3063 &
511 2990 562 3063 lae
581 2986 741 3077 subsunt,
770 3014 850 3066 tunc
868 2987 1010 3067 terrifica
1023 2993 1137 3066 evadit
1153 3017 1191 3065 ut
1213 2993 1376 3068 instrudae
1389 2994 1548 3076 vexillis3
1574 2990 1710 3065 similis-

412 3113 441 3162 ιε
461 3086 507 3160 est
526 3090 608 3160 turri
631 3090 777 3164 Davidis
798 3086 970 3164 aedificatae
988 3088 1033 3160 ad
1045 3092 1207 3172 armaria,
1236 3090 1280 3161 de
1316 3114 1360 3162 ua
1373 3089 1512 3162 millena
1524 3085 1614 3163 scuta
1624 3112 1711 3185 pen·

412 3207 476 3268 ut,
502 3207 623 3255 omnes
634 3187 803 3262 umbones
812 3209 1006 3284 potentum.
1058 3189 1093 3254 T
1094 3209 1159 3256 unc
1173 3115 1377 3260 cernendum
1392 3184 1592 3282 praclarum
1604 3205 1712 3256 certa·

412 3307 463 3356 en.
512 3286 614 3351 Tunc
633 3280 856 3379 pugnandum
873 3309 936 3380 pro
948 3278 1015 3352 fide
1030 3275 1135 3352 semel
1147 3276 1266 3353 sannis
1275 3279 1397 3352 tradita
1415 3307 1425 3352 e
1452 3304 1564 3377 neque
1576 3304 1636 3377 per
1644 3279 1714 3350 im·

412 3379 510 3454 =lliam
539 3374 687 3449 nostram
713 3380 1000 3452 committendum
1029 3399 1067 3448 ut
1092 3376 1186 3450 illius
1208 3371 1338 3475 syllaba
1357 3375 1413 3448 vcl
1430 3401 1517 3473 apex
1537 3377 1712 3474 corrumpi

412 3495 505 3552 utut.
559 3477 660 3546 Tunc
675 3475 768 3572 pacis
785 3499 958 3570 praecones
980 3471 1180 3570 cataphracti
1192 3474 1344 3548 evadunt
1356 3475 1483 3547 milites
1503 3520 1513 3555 ,
1542 3471 1710 3546 sortissimi

412 3568 620 3652 ncraciastae,
648 3595 717 3643 non
738 3571 851 3644 minus
867 3596 975 3670 quam
994 3567 1167 3668 sexaginta
1182 3570 1235 3645 illi
1256 3577 1410 3654 Herses,
1437 3572 1499 3670 qui
1511 3571 1708 3645 Salomonis

412 3675 499 3746 stum
518 3664 803 3751 circumstabant,
830 3694 950 3743 omnes
972 3666 1172 3765 stringentes
1192 3669 1348 3768 gladium
1368 3716 1379 3753 ,
1408 3668 1520 3741 edocti
1540 3666 1632 3741 bella
1650 3671 1710 3766 Je-

412 3793 486 3843 πε.
537 3771 734 3848 Caeterum,
760 3766 796 3836 in
813 3763 867 3838 his
886 3761 963 3864 ipsis
974 3767 1184 3863 praeliisnon
1197 3762 1709 3861 minusmansuetudinisquam

412 3865 583 3942 rtitudinis
602 3861 800 3937 Christiana
818 3858 971 3960 spiritum
991 3863 1123 3938 elucere
1143 3885 1302 3962 oportet:
1327 3883 1367 3936 ut
1386 3887 1465 3940 cum
1486 3861 1710 3937 erroribus&

412 3965 464 4036 tiis
480 3964 596 4061 potius
616 3958 746 4033 bellum
763 3962 836 4060 geri
848 3983 1027 4058 appareat,
1056 3986 1162 4060 quam
1175 3985 1254 4035 cum
1268 3959 1480 4036 errantibus:
1506 3958 1710 4057 adquorum

412 4059 516 4130 lutem
534 4058 805 4155 promovendam
824 4057 892 4154 piae
911 4056 980 4130 istae
993 4059 1263 4134 concertationes
1283 4079 1486 4154 comparatae
1499 4051 1708 4132 elledebent.

413 4177 565 4252 unquam
578 4153 621 4226 ab
638 4157 754 4226 animo
770 4178 850 4227 meo
862 4155 910 4227 im
937 4175 1042 4228 etrare
1055 4157 1181 4254 potui,
1206 4176 1247 4227 ut
1267 4150 1394 4251 absque
1415 4153 1618 4251 exceptione
1634 4151 1711 4226 lau·

412 4273 491 4327 trem
511 4249 773 4325 immoderatam
791 4250 887 4324 illam
906 4179 972 4324 live
986 4274 1139 4324 veterum
1164 4248 1230 4325 sive
1246 4253 1432 4325 recentium
1445 4248 1710 4350 Theologorum

412 4345 624 4422 sementiam
634 4391 647 4430 ,
673 4371 744 4447 qua
762 4342 971 4421 adversarios
986 4344 1029 4422 sa
1056 4345 1165 4423 esuos
1179 4369 1404 4446 exceperunt,
1424 4348 1486 4421 vix
1496 4345 1594 4423 aliter
1601 4367 1709 4443 quam

412 4469 494 4522 num
504 4489 515 4527 ,
537 4466 743 4542 porcorum,
760 4442 996 4534 nebulonum,
1011 4373 1088 4540 alls
1115 4467 1159 4518 ue
1177 4441 1216 4516 id
1227 4465 1337 4541 genus
1346 4442 1492 4548 elogiis,
1517 4465 1580 4522 eos
1594 4434 1713 4540 prose·

469 4543 561 4624 rom.
594 4545 650 4622 11.
1129 4561 1239 4624 xxx
1600 4557 1713 4636 queue

1065 4719 1080 4746 O

1273 4745 1279 4756 e
