4667 5442
1193 726 1480 824 Rmr.
1545 723 1902 820 errzn.
1975 747 2194 818 Hoc
2263 725 2891 820 SEC.S·1·A·ru.
3224 748 3423 856 737

927 887 1276 962 Caeterum
1306 915 1446 963 non
1481 887 1624 966 sola
1661 887 1772 964 hic
1801 889 2180 982 juventutis
2221 886 2423 989 culpa
2461 887 2557 964 est
2592 916 2616 963 ε
2720 915 2825 964 uae
2860 889 2937 962 &
2980 884 3156 963 levis
3188 891 3263 962 δε
3303 916 3427 966 ex-

820 975 1050 1058 sabilis
1107 985 1328 1060 videri
1389 985 1614 1083 potest
1643 1033 1666 1069 ,
1743 982 1790 1059 st
1853 1011 2010 1060 cum
2049 986 2345 1060 aliorum
2390 915 2831 1084 quorundam
2879 1011 2917 1058 a
2970 986 3126 1059 endi
3165 990 3430 1060 ratione

820 1081 1160 1164 uferatur,
1214 1087 1336 1180 qui
1380 1084 1739 1160 stationem
1777 1081 2151 1166 illustrem,
2205 1085 2278 1157 δι
2319 1083 2584 1158 celebre
2621 1086 2693 1158 in
2719 1088 2920 1181 Repu
2970 1082 3097 1159 lica
3127 1082 3424 1159 literaria

820 1202 983 1252 men
1024 1177 1302 1255 habent.

927 1279 1115 1347 Nam
1159 1279 1234 1348 &
1269 1303 1390 1352 eos
1449 1277 1870 1377 quandoque
1917 1277 2155 1349 videas
2197 1278 2509 1351 moribus
2545 1300 2787 1374 parum
2817 1272 3139 1349 honestos
3176 1323 3198 1358 ‚
3257 1272 3425 1350 fastu

820 1369 1064 1445 decoro
1089 1374 1447 1470 turgidos,
1503 1374 1919 1473 gloriosulos
1945 1369 2045 1446 sui
2064 1376 2416 1463 jactatores
2439 1422 2461 1458 ,
2518 1375 2775 1446 invidia
2794 1373 3085 1446 liventes
3105 1420 3127 1454 ‚
3186 1371 3423 1447 fastio-

820 1471 934 1540 'aus
967 1469 1346 1565 implicitos
1383 1518 1406 1554 ,
1462 1472 1548 1543 de
1586 1472 1790 1546 rebus
1828 1468 2030 1545 nihili
2072 1492 2330 1544 temere
2370 1471 2714 1571 litigantes
2756 1515 2779 1552 ,
2837 1470 3095 1542 acerbis
3133 1466 3199 1542 se
3240 1471 3423 1542 invi-

820 1589 880 1637 ιιι
917 1567 1238 1640 convitiis
1265 1565 1774 1664 proscindentes
1809 1615 1831 1648 ,
1890 1569 2167 1664 quoties
2205 1569 2293 1639 ad
2319 1563 2749 1640 scribendum
2789 1559 2855 1637 se
2887 1569 3251 1665 accingunt
3307 1589 3423 1638 ca-

820 1685 992 1734 num
1034 1686 1174 1734 non
1217 1659 1462 1738 salubri
1498 1688 1879 1739 atramento
1904 1718 1924 1745 ,
1975 1658 2087 1734 sed
2112 1660 2310 1736 succo
2335 1664 2642 1762 loliginis
2662 1687 2823 1736 atrae
2848 1664 3214 1761 tingentes,
3244 1662 3421 1736 alios

823 1758 1123 1832 aliorum
1154 1759 1404 1832 famam
1442 1762 1793 1835 maledicis
1830 1759 2089 1833 libellis
2113 1762 2185 1833 &
2215 1761 2629 1835 carminibus
2647 1754 3007 1859 grassantes
3033 1805 3055 1840 ‚
3111 1763 3183 1832 &
3203 1783 3419 1856 quam

820 1875 877 1926 ta
908 1857 1052 1926 vita
1092 1853 1451 1930 ambitiose
1490 1856 1935 1955 quaesrverant
1955 1903 1976 1938 ‚
2034 1855 2550 1955 faventibusque
2584 1856 2964 1929 multorum
2988 1854 3260 1949 judiciis
3289 1855 3420 1927 ob·

820 1972 1109 2034 lucrant,
1168 1955 1572 2027 eruditionis
1595 1956 1916 2035 laudem,
1973 1948 2157 2051 quafi
2183 1955 2392 2026 animi
2463 1956 2627 2027 tatia
2650 1949 2767 2025 fibi
2788 1955 3081 2025 invicem
3104 1975 3417 2050 ereptum

820 2067 994 2121 ntes.
1099 2050 1322 2122 Nullo
1373 2051 1678 2149 profesto
1724 2076 1953 2149 operae
1997 2051 2220 2147 pretio
2255 2097 2280 2136 ‚
2336 1977 2461 2126 nist
2488 2049 2731 2150 quod,
2788 2048 3049 2121 detecta
3090 2053 3415 2147 utrinque

821 2143 1075 2228 ditate,
1130 2146 1428 2219 aliorum
1454 2143 1516 2219 se
1538 2148 1878 2224 cachinnis
1904 2171 1979 2221 ac
2005 2143 2217 2220 sibilis
2241 2194 2264 2230 ,
2306 2148 2605 2222 aliorum
2640 2145 2906 2220 fastidio
2928 2150 3003 2219 &
3029 2147 3412 2217 contemtui

820 2263 1101 2336 ponant.
1204 2243 1416 2318 Unde
1440 2246 1514 2316 in
1547 2247 1792 2318 animis
1829 2244 2308 2317 illiteratorum
2331 2245 2660 2343 quidem,
2718 2265 2786 2316 at
2824 2266 3132 2315 catorum
3154 2245 3227 2314 &
3248 2266 3417 2338 pru-

820 2339 1037 2410 ntium
1068 2336 1432 2413 hominum
1467 2387 1490 2424 ‚
1549 2342 1744 2415 facile
1784 2338 2072 2414 nascitur
2098 2339 2505 2439 foveturque
2525 2339 2851 2441 probrosa
2883 2340 3001 2411 ista
3037 2337 3259 2411 ordini
3281 2362 3411 2409 no-

820 2457 864 2504 o
889 2437 1129 2531 opinio
1163 2482 1186 2519 ‚
1243 2437 1476 2510 nullos
1516 2434 1690 2536 saepe
1729 2440 1957 2511 minus
1993 2432 2326 2534 sapientes
2370 2435 2494 2510 effe
2527 2486 2549 2521 ‚
2609 2463 2818 2535 quam
2865 2438 2986 2532 qui
3014 2429 3080 2505 sa
3130 2435 3413 2506 ientiam

820 2530 948 2603 rbis
984 2533 1069 2603 ad
1104 2559 1437 2633 pompam
1475 2531 1870 2635 compositis
1894 2534 2166 2630 publice
2187 2538 2625 2630 promittunt.
2730 2538 2894 2604 Mea
2919 2530 3003 2606 fic
3035 2556 3069 2603 e
3151 2529 3418 2604 senten-

832 2673 858 2710 ,
911 2630 1284 2703 Auditores
1306 2677 1328 2713 ,
1384 2631 1663 2706 ludicris
1697 2631 1771 2704 id
1799 2653 2016 2728 genus
2050 2654 2125 2702 ac
2160 2631 2500 2726 pudendis
2526 2631 3007 2706 certaminibus
3033 2677 3055 2713 ,
3112 2626 3415 2718 majesta-

820 2749 870 2798 n
903 2723 1249 2798 literarum
1283 2773 1306 2810 ‚
1361 2752 1576 2824 quam
1604 2724 1890 2800 sanCtam
1925 2749 2134 2824 atque
2168 2728 2649 2803 inviolabilem
2681 2724 2940 2801 servare
2982 2718 3407 2825 oportuisset,

820 2823 1102 2896 nimum
1142 2824 1298 2896 laedi
1341 2847 1547 2921 atque
1588 2825 1936 2897 imminui.

820 3015 824 3030 Ι
909 2920 1047 3031 Sed
1083 2945 1205 3091 nea
1242 2918 1427 3004 haec,
1477 2921 1929 3030 quantumvis
1954 2944 2245 3021 magna,
2299 2923 2638 3021 praecipua
2673 2943 2903 2996 tamen
2945 2920 3141 2995 fundi
3180 2917 3413 3004 nostri,

820 3037 1073 3090 {amitas
1107 3043 1143 3089 e
1203 3070 1226 3091 .

820 3207 848 3258 Γ
915 3117 1253 3190 Graviora
1285 3115 1497 3216 longe
1540 3114 1721 3191 mala
1748 3139 1836 3190 ex
1881 3112 2096 3189 abusu
2139 3121 2587 3192 CRITICES
2627 3118 2701 3192 &
2734 3111 3408 3193 PHILOSOPHIAE

820 3233 1098 3286 cuntur.

917 3311 1094 3398 Quae
1121 3307 1496 3409 disciplinae
1523 3309 1568 3384 fi
1593 3312 1664 3385 in
1699 3310 2018 3385 homines
2053 3311 2401 3386 modestos
2423 3311 2785 3384 inciderint
2805 3356 2826 3392 ,
2882 3333 2958 3382 ac
2991 3304 3126 3381 suis
3153 3302 3218 3379 se
3239 3332 3409 3379 con-

825 3427 979 3477 eant
1013 3410 1364 3489 terminis,
1422 3408 1559 3479 dici
1594 3404 1752 3480 satis
1799 3433 1940 3480 non
2033 3407 2204 3478 otest
2227 3453 2249 3489 ,
2310 3433 2524 3504 quam
2564 3404 2912 3478 salubriter
2949 3404 3176 3477 lucem
3214 3399 3406 3478 suam

820 3529 841 3574 r
878 3526 1158 3573 omnem
1183 3526 1331 3574 rem
1353 3502 1720 3575 literariam
1747 3434 2176 3580 diffundant:
2230 3498 2345 3575 sed
2370 3501 2416 3576 s1
2455 3503 2917 3600 arrogantium
2960 3501 3402 3598 ingeniorum

820 3592 1094 3668 ›rofitati
1133 3596 1444 3671 famulari
1487 3621 1862 3697 cogantur,
1917 3621 2068 3670 tum
2110 3598 2405 3671 nefando
2453 3622 2681 3671 earum
2723 3592 2934 3669 abusu
2972 3621 3111 3668 non
3147 3596 3405 3670 caeteris

820 3691 938 3763 >do
983 3693 1418 3766 facultatibus
1460 3695 1545 3767 ad
1587 3694 1863 3768 civilem
1888 3697 2100 3767 vitam
2121 3695 2621 3791 pertinentibus
2641 3741 2663 3777 ,
2721 3693 2836 3766 sed
2860 3695 2933 3765 ὃ(
2955 3689 3404 3766 sacratissimis

820 3790 1012 3901 {culis
1069 3788 1312 3865 nostris
1351 3835 1376 3876 ,
1441 3795 1715 3891 totique
1782 3792 1961 3865 adeo
2031 3793 2353 3891 religioni
2397 3838 2420 3876 ,
2507 3788 3092 3895 praesentissimum
3148 3810 3409 3863 creatur

820 3913 1099 3963 crimen.

909 3987 1162 4060 Audax
1201 3983 1568 4060 hominum
1632 4012 1850 4086 genus
1903 3989 2539 4064 CRITICORUM
2605 3986 2795 4059 natio
2853 3981 2949 4058 est
2978 4030 3001 4068 ,
3057 3981 3229 4058 nihil
3278 3977 3404 4055 fibi

820 4105 856 4156 n
900 4083 971 4155 in
1024 4107 1269 4155 omnes
1321 4087 1394 4156 &
1435 4086 1665 4157 omnia
1720 4078 2108 4182 permissum
2155 4082 2282 4159 effe
2325 4085 2677 4157 temeraria
2741 4080 3229 4180 praesumtione
3268 4075 3400 4153 fin-

820 4202 913 4252 us.
1017 4177 1225 4253 Nihil
1250 4179 1362 4254 vel
1400 4179 1764 4279 profanum
1797 4227 1822 4265 ,
1873 4181 1989 4256 vel
2023 4179 2280 4256 sacrum
2305 4182 2441 4264 est,
2549 4178 2693 4252 uod
2737 4179 3075 4252 violentas
3095 4175 3401 4277 ipsorum

820 4297 956 4348 nus
994 4278 1263 4350 evadat.
1367 4275 1571 4351 Nihil
1597 4301 1740 4352 tam
1773 4282 2108 4380 exiguum
2151 4302 2270 4352 aut
2321 4207 2585 4352 humide
2620 4321 2643 4360 ‚
2720 4275 2920 4378 quod
2955 4271 3128 4350 insta
3166 4296 3399 4352 curam

820 4393 903 4442 nm
933 4367 1230 4468 politum
1263 4368 1391 4446 effe
1429 4375 1880 4459 arbitrentur,
1935 4377 2112 4448 circa
2144 4373 2511 4450 verborum
2554 4375 2755 4446 tricas
2788 4370 3231 4446 &literarum
3250 4371 3403 4470 api·

820 4466 914 4538 los
934 4488 1128 4542 totos
1157 4467 1306 4544 dies
1327 4465 1758 4547 insanientes.
1859 4467 2066 4549 Nihil
2089 4467 2316 4546 rursus
2333 4491 2477 4544 tam
2504 4470 2759 4568 grande
2789 4489 3001 4566 atque
3022 4464 3393 4550 excelsum.

820 4561 914 4635 od
941 4565 1078 4638 n'on
1109 4565 1574 4668 paedagogicae
1615 4567 1851 4642 ferulae
1889 4563 2267 4656 subjiciant.
2370 4567 2739 4666 Postquam
2773 4564 2845 4638 su
2902 4563 3225 4640 erbientis
3254 4565 3399 4636 ani-

848 4659 1240 4838 luqbidinepr
1290 4666 1362 4739 in
1419 4661 1830 4742 secularibus
1873 4659 2150 4837 scripti}
2193 4661 2376 4738 male
2442 4661 2791 4739 mutandis
2883 4655 3007 4764 ipsi
3062 4661 3399 4759 corrigere

961 4781 1086 4836 on.
1197 4767 1258 4840 Ι.
2171 4785 2210 4838 a
2256 4783 2362 4836 aa
2404 4781 2447 4834 a
3269 4776 3402 4828 vo-
