4667 5442
539 492 649 603 430.
787 414 1708 572 exereres-from

541 631 762 737 praevenillet.
814 633 897 707 Vid.
909 634 1040 732 joseph.
1052 637 1404 731 Antiq.xv111:v11.
1438 642 1566 735 Neque
1583 631 1718 708 ferenda
1728 628 1901 717 hamne·

542 762 612 831 que
629 731 864 806 dissimulanda
877 732 1027 830 Johanni
1041 758 1158 812 erant,
1187 727 1392 806 hillibatam
1414 739 1493 805 Deo
1516 736 1553 808 δι
1576 731 1781 805 hominibus
1804 757 1902 828 prae-

542 834 625 907 llare
647 830 752 903 vellet
777 824 899 901 fidem'
946 836 1030 901 Non
1050 825 1219 901 nesciebat
1243 825 1347 911 sane,
1375 830 1463 926 quid
1486 830 1532 901 ob
1551 830 1647 903 illam
1667 823 1728 900 fibi
1753 829 1901 902 dicendi

539 930 734 1003 libertatem
747 925 998 1023 expedendum
1019 925 1125 997 foret:
1153 947 1188 995 at
1208 923 1297 1000 nihil
1309 949 1378 998 tam
1393 950 1495 1023 grave
1509 920 1665 1025 perpessu
1677 927 1817 997 evenire
1831 950 1903 1022 po-

539 1049 646 1107 terat,
675 1022 773 1120 quod
787 1048 857 1094 non
875 1023 978 1093 officii
1000 1022 1086 1093 bene
1106 1018 1244 1119 praestiti
1256 1019 1469 1096 conscientrae
1481 1048 1518 1095 ac
1531 1023 1693 1120 religioni
1703 1020 1901 1119 postpone,

540 1146 604 1197 ret.
656 1126 826 1217 Expertus
841 1120 984 1216 quidem
998 1141 1094 1198 erat,
1122 1117 1241 1191 multis
1261 1119 1376 1191 modis
1390 1120 1476 1214 utile
1497 1118 1640 1217 publico
1657 1114 1767 1199 fuisse,
1791 1116 1898 1215 quod

539 1222 649 1318 gratia
666 1243 685 1289 a
711 1217 759 1288 ud
771 1214 992 1288 Tetrarcham
1011 1214 1159 1311 polleret
1175 1240 1188 1299 3
1212 1238 1282 1285 non
1296 1238 1407 1289 tamen
1418 1218 1571 1288 animum
1590 1214 1902 1305 ejusalienareve-

540 1318 626 1388 ritus
649 1243 717 1394 cll,
746 1337 857 1409 quum
869 1312 967 1385 aliter
981 1311 1133 1384 favorem
1153 1311 1259 1382 illum
1272 1314 1360 1385 tueri
1379 1337 1449 1383 non
1490 1307 1604 1393 osset,
1631 1336 1738 1408 quam
1764 1306 1899 1408 perfide

541 1412 587 1482 ad
599 1434 723 1483 notum
743 1413 779 1481 &
801 1409 925 1506 infame
937 1403 1047 1482 scelus
1066 1406 1298 1479 connivendo.
1351 1414 1436 1482 Non
1457 1339 1611 1480 defuisset
1622 1408 1770 1506 quidem
1781 1430 1903 1480 tacen-

540 1508 568 1580 ti
579 1529 786 1605 praetextus,
813 1506 955 1603 privatis
967 1500 1000 1576 se
1011 1504 1205 1577 commodis
1217 1506 1358 1575 minime
1372 1499 1569 1590 consulere3
1594 1529 1656 1577 nec
1665 1504 1778 1576 alium
1789 1529 1901 1601 quam

542 1605 691 1701 publicae
705 1602 865 1675 utilitatis
883 1600 1007 1673 habere
1024 1598 1223 1698 respectum.
1274 1600 1468 1674 Prudentiae
1488 1598 1574 1683 else,
1602 1600 1687 1674 ferre
1697 1625 1780 1698 quae
1791 1603 1899 1675 corri-

541 1724 622 1797 gere
643 1723 792 1796 nequeas
810 1725 822 1784 3
848 1724 909 1770 nec
927 1699 1125 1771 irritandam
1145 1691 1209 1768 elle
1229 1700 1420 1794 potentiam
1434 1743 1457 1777 ‚.
1483 1722 1561 1793 quae
1579 1700 1663 1770 itata
1683 1722 1757 1769 non
1783 1699 1901 1768 minus

541 1820 688 1877 nocere,
717 1820 823 1892 quam
841 1820 940 1891 aequa
956 1790 1108 1877 prodesse
1121 1815 1239 1889 queat.
1291 1799 1421 1864 Verum
1433 1796 1515 1890 quia
1527 1791 1594 1865 hoc
1604 1789 1897 1889 compensationis

541 1914 652 1989 genus
673 1889 733 1965 srbi
750 1890 886 1964 licitum
906 1885 969 1962 else
985 1915 1055 1963 non
1080 1889 1196 1968 videt,
1225 1912 1264 1961 ut
1272 1892 1451 1963 veritatem
1471 1890 1652 1984 prodendo
1663 1890 1833 1985 quaedam
1845 1891 1898 1961 of-

543 1988 620 2063 ficia
639 1990 783 2072 eliciat,
811 1986 944 2061 hostem
964 1988 1140 2063 examito
1166 1982 1225 2056 fibi
1250 1986 1356 2057 facere
1379 1986 1542 2068 mavult,
1570 2011 1677 2083 quam
1694 1985 1900 2058 adulatione

544 2086 603 2160 vel
623 2082 757 2159 silentio
772 2086 887 2158 fovere
900 2082 1065 2165 malum,
1091 2083 1128 2154 in
1151 2081 1249 2172 cujus
1269 2077 1418 2156 severam
1447 2079 1743 2179 reprehensionem
1761 2083 1899 2156 aditum

546 2181 607 2282 ipsr
629 2183 672 2256 ad
683 2180 905 2254 Tetrarcham
929 2182 1056 2252 Divina
1078 2178 1299 2253 Prtwidentia
1321 2179 1574 2253 conciliaverat.

369 2292 499 2356 Lxxlll.
645 2283 817 2353 Lxxru.
839 2276 984 2375 Indigne'
996 2273 1092 2350 istam
1112 2272 1212 2347 sandi
1223 2277 1285 2348 viri
1299 2274 1493 2348 libertatem
1505 2281 1688 2372 Tyrannus
1701 2277 1797 2358 tulit,
1810 2276 1901 2348 adeo

368 2372 399 2427 in
413 2386 540 2460 (ΜΨ
549 2402 588 2451 ut
608 2378 732 2449 carceri
752 2374 1018 2471 mancipandum
1042 2371 1245 2452 crediderit,
1276 2371 1386 2444 donec
1408 2376 1489 2444 certi
1509 2374 1644 2469 aliquid
1655 2370 1816 2471 deipsrus
1826 2400 1901 2471 poe·

368 2464 522 2579 :ancensi-
546 2501 592 2548 na
614 2473 824 2547 stametetur.
873 2476 983 2544 Vetus
998 2467 1233 2549 verbumell,
1259 2472 1382 2541 verim
1395 2476 1500 2550 adirem
1510 2474 1609 2566 parit.
1656 2472 1697 2543 ld
1712 2466 1901 2568 uti'palstm

412 2558 423 2587 ’
546 2570 640 2669 apud
653 2568 816 2647 homines
828 2566 963 2641 obtinet
979 2614 991 2651 ,
1019 2567 1067 2639 ita
1083 2565 1253 2662 praecipue
1265 2565 1358 2664 apud
1370 2588 1544 2664 magnates
1556 2570 1592 2639 &
1608 2569 1808 2665 principes,
1826 2589 1900 2641 tum

548 2668 699 2739 maxime
717 2667 779 2737 ubi
790 2666 914 2737 veritas
934 2663 994 2737 illa
1005 2662 1113 2739 charis
1130 2708 1142 2744 ,
1170 2687 1284 2759 neque
1302 2664 1525 2746 omittendis,
1551 2664 1759 2738 libidinibus
1779 2664 1901 2737 adver-

547 2761 665 2842 satur,
695 2758 940 2834 &stertentem
959 2755 1200 2834 conscientiam
1221 2760 1376 2842 excitat,
1413 2785 1624 2860 pravamque
1646 2763 1756 2835 animi
1776 2757 1900 2836 securi·

477 2904 492 2925 c
547 2880 655 2931 tatem
673 2856 798 2932 turbat.
850 2856 1069 2953 Tempestive
1085 2853 1141 2927 hic
1154 2858 1283 2927 Grotio
1304 2856 1488 2929 laudatum
1507 2856 1555 2932 est
1578 2856 1722 2959 Josephi
1749 2861 1901 2933 veriver-

548 2956 670 3027 bium:
697 2948 773 3038 Βαρῦ
793 2955 853 3025 τοῖς
873 2949 974 3019 dorth
988 2955 1111 3020 {blanca
1127 2949 1162 3016 ‘td
1178 2956 1298 3037 συνεχῶς
1317 2957 1463 3020 cadmia.
1514 2958 1663 3029 Minime
1674 2955 1903 3052 quidemldu-

548 3053 649 3125 bium
669 3047 737 3133 est,
762 3049 847 3145 quin
865 3046 1037 3144 flagitium
1053 3071 1125 3122 tam
1142 3048 1293 3120 immane
1313 3050 1421 3145 vulgo
1447 3050 1551 3126 suerit
1579 3054 1778 3127 traductum
1797 3080 1811 3140 3
1847 3047 1903 3124 sed

548 3149 608 3222 alii
643 3143 710 3218 suis
748 3145 937 3217 maledicus
974 3140 1178 3233 absentem,
1225 3168 1288 3217 nec
1327 3146 1525 3221 audientem
1555 3149 1737 3223 Herodem
1779 3146 1901 3249 procul

547 3239 752 3319 incessebant
770 3268 781 3328 3
806 3236 899 3313 solus
918 3239 1093 3341 Johannes
1109 3244 1146 3315 in
1159 3243 1234 3332 ejus
1257 3238 1473 3339 conspectum
1492 3246 1629 3342 prodit,
1657 3246 1824 3319 &libere
1842 3270 1901 3320 co·

549 3370 622 3417 ram
642 3340 819 3438 objurgat,
845 3334 1111 3437 voluptatesque
1125 3340 1288 3436 principis
1301 3340 1337 3410 in
1353 3337 1424 3438 ipsa
1443 3346 1523 3416 aula
1534 3391 1546 3426 ,
1568 3349 1605 3418 dc
1642 3339 1709 3426 uasa
1727 3342 1899 3425 thalamo,

549 3438 756 3536 interpellat.
807 3442 988 3510 Peccatum
1019 3439 1188 3533 corrigere
1205 3460 1278 3507 non
1298 3430 1424 3512 s1nebat
1443 3441 1579 3513 Herodi
1599 3370 1711 3513 libido
1734 3468 1745 3515 t
1784 3444 1903 3515 vindo

550 3559 668 3610 autem
685 3536 751 3605 Dei
764 3529 956 3628 Propheta,
981 3532 1207 3630 tranquillam
1225 3527 1286 3612 stbi
1299 3532 1480 3610 'licentiam
1501 3539 1687 3636 promittit.
1740 3537 1902 3613 Fortalltt

549 3633 656 3703 etiam
679 3651 794 3702 metus
811 3630 939 3728 aliquis
951 3624 1129 3702 seditionis
1140 3630 1281 3702 anxium
1295 3631 1445 3705 reddidit
1455 3636 1610 3733 Tyranni
1621 3637 1795 3710 animum.
1807 3642 1902 3711 Nam
1927 3641 1930 3662 '

551 3722 662 3825 perse
682 3725 753 3815 jam
765 3720 844 3799 satis
863 3722 984 3798 odiosa
1001 3747 1074 3816 etat
1090 3725 1166 3798 facti
1191 3730 1351 3803 atrocitas
1369 3776 1382 3811 ,
1410 3732 1509 3828 quod
1527 3758 1599 3804 non
1619 3730 1730 3804 modo
1753 3732 1902 3806 alienam

548 3847 729 3905 uxorem,
764 3847 784 3894 a
801 3821 963 3921 legitimo
979 3822 1085 3903 thoro
1103 3822 1282 3896 abductam
1303 3871 1315 3906 ,
1343 3826 1442 3912 domi
1461 3825 1529 3901 suae
1550 3829 1656 3901 aleret
1677 3874 1689 3911 ,
1716 3824 1782 3903 sed
1804 3825 1902 3928 quod

551 3917 638 3992 hanc
655 3918 814 4009 injuriam
827 3942 992 4018 germano
1012 3920 1106 3993 fratri
1123 3918 1298 3994 intulerat.
1350 3924 1458 4010 Quod
1480 3926 1610 3998 facinus
1627 3951 1751 4000 omnes
1767 3927 1902 4025 cogita·

551 4015 706 4088 tionibus
732 4012 802 4089 suis
831 4015 1141 4113 praedamnabant,
1179 4016 1237 4089 vel
1266 4018 1358 4091 clam
1391 4021 1637 4105 mussitabant,
1664 4022 1703 4095 id
1722 4022 1902 4122 Johanuea

551 4134 764 4207 quantopere
782 4112 853 4212 legi
881 4115 1021 4187 Divinae
1042 4108 1223 4187 adversum
1253 4112 1334 4187 effer
1362 4118 1569 4213 praedicabat
1598 4118 1728 4216 palam.
1783 4126 1833 4194 At
1859 4141 1912 4191 ue·

510 4272 513 4287 ,
551 4208 632 4281 hinc
653 4209 736 4281 oriri
755 4235 921 4283 novarum
941 4236 1054 4285 rerum
1072 4209 1223 4285 studium
1240 4212 1276 4284 in
1286 4217 1456 4308 pervicaci
1467 4214 1602 4314 populo
1616 4144 1900 4315 facilepotuidet.

446 4325 448 4330 ·
553 4304 622 4376 Vel
643 4326 731 4378 certe
749 4307 786 4377 id
805 4309 982 4380 metuendi
1011 4303 1154 4383 caussam
1174 4311 1334 4382 Herodes
1362 4310 1520 4386 habebat.
1572 4310 1735 4386 Oderunt
1753 4316 1851 4388 enim
1865 4316 1902 4389 ἃ

548 4424 712 4478 metuunt
738 4402 824 4477 mali
842 4405 1015 4502 principes
1033 4405 1210 4506 quidquid
1226 4405 1274 4483 est
1295 4409 1389 4485 vitiis
1408 4411 1603 4490 hainricum.
1654 4416 1767 4503 Boni,
1794 4413 1801 4426 '
1855 4411 1903 4483 uit
