4667 5442
1322 719 1479 816 Da
1548 721 2159 822 PRAEsraNr.
2231 725 2608 824 vnn-r.
2679 725 3076 825 Evane.
3377 733 3582 864 683

1100 883 1120 904 ⁶
1174 903 1411 998 partae.
1508 883 1881 986 Postquam
1934 881 2301 964 malesuadi
2349 912 2616 964 veneno
2671 884 3000 989 serpentis
3051 889 3276 968 infecti
3319 917 3585 970 morta·

918 983 935 1000 ⁸
1094 981 1305 1080 primi
1322 981 1553 1058 vetitae
1588 984 1847 1058 arboris
1882 981 2173 1058 frustum
2200 985 2462 1060 nefario
2497 980 2664 1060 ausu
2687 1009 3186 1062 temeraverunt
3211 1034 3234 1072 ‚
3293 991 3368 1064 &
3391 986 3579 1088 ipsos

880 1071 1025 1176 fise
1062 1124 1088 1162 ‚
1142 1077 1219 1150 &
1248 1073 1553 1176 posteros
1616 1073 1839 1156 secum
1880 1103 2121 1154 omnes
2160 1127 2183 1162 ,
2236 1077 2540 1172 ejusdem
2586 1105 2776 1156 reatu
2811 1085 3114 1160 criminis
3163 1086 3568 1184 implicitos,

882 1195 971 1254 σι
1014 1199 1153 1274 qua
1198 1197 1359 1250 tunc
1401 1173 1793 1249 fruebantur
1820 1174 2161 1250 felicitatis
2208 1178 2722 1253 continuatione
2756 1226 2779 1261 ‚
2833 1185 2910 1256 &
2953 1177 3310 1278 amplioris
3349 1181 3575 1258 beati·

882 1271 1149 1362 tudinis
1186 1265 1685 1368 consequendae
1725 1267 1839 1369 spe
1874 1273 2367 1374 exturbarunt,
2419 1277 3062 1374 praecipitatumque
3083 1279 3155 1350 in
3176 1276 3571 1354 barathrum

882 1365 1311 1452 inevitabilis
1358 1369 1581 1442 exitii.
1682 1374 2055 1443 Contemta
2086 1371 2416 1444 Numinis
2471 1369 2828 1462 Maiestate
2859 1419 2886 1456 ,
2939 1373 3196 1448 violata
3248 1375 3574 1475 praecepti

880 1463 1266 1578 teligione‚
1316 1459 1364 1538 s
1392 1486 1536 1538 reta
1570 1465 2120 1539 interminatione
2153 1465 2493 1541 diriffimae
2520 1490 2932 1568 aeternaeque
2961 1470 3246 1554 mortis,
3300 1465 3578 1568 insuper

882 1557 1143 1658 habitis
1182 1586 1324 1660 prae
1378 1561 1872 1636 antissimorum
1911 1561 2252 1635 bonorum
2333 1563 2666 1649 romissis,
2709 1568 2819 1648 &‚
2869 1589 2950 1638 ut
2989 1590 3282 1641 numero
3305 1565 3566 1652 dicam.

880 1681 1097 1770 *pto
1126 1659 1618 1734 'contumaciter
1675 1658 1924 1733 foedere
1978 1683 2125 1756 quo
2165 1660 2255 1730 ob
2349 1661 2459 1733 icti
2500 1664 2593 1733 D.
2623 1666 2719 1735 Ο.
2749 1665 2860 1736 M.
2903 1683 3132 1746 erant,
3183 1663 3560 1738 amicitiam

880 1775 1035 1848 ms
1056 1753 1409 1847 justiffimo
1444 1754 1612 1828 odio
1652 1775 1859 1854 atque
1899 1756 1995 1828 ira
2038 1754 2400 1831 infeliciter
2441 1779 2971 1832 commutarunt.
3071 1764 3252 1848 Quae
3292 1761 3389 1832 ira
3428 1760 3565 1832 Dei

880 1847 979 1952 ῥ’
1009 1876 1096 1925 eo
1130 1873 1441 1951 tempore
1486 1850 1751 1928 coelitus
1786 1850 2133 1925 manifesta
2174 1850 2342 1924 fac-la
2389 1851 2484 1926 est
2517 1849 2832 1927 adversus
2869 1878 3150 1929 omnem
3196 1852 3564 1932 hominum

886 1949 905 1968 ⁹
1032 1951 1315 2024 ietatem
1350 1951 1425 2024 &
1460 1946 1855 2040 injustitiam
1896 1975 1919 2022 ε
1970 1951 2047 2024 &
2077 1943 2572 2048 persentiscitur
2596 1952 2667 2024 in
2694 1945 3098 2025 conscientia
3131 1951 3217 2025 ad
3242 1953 3567 2050 quamvis

878 1973 1219 2126 mainis
1244 2071 1489 2122 vocem
1523 2045 1905 2144 trepidante
1944 2072 1963 2120 ε
2018 2047 2095 2120 &
2146 2047 2468 2119 omnium
2502 2045 2803 2143 denique
2837 2071 3294 2122 aerumnarum
3322 2095 3345 2131 ‚
3401 2073 3564 2148 quae

882 2139 1123 2220 ademi
1164 2145 1481 2218 interitus
1518 2143 1927 2256 praenunciae
1959 2136 2113 2216 sunt
2148 2186 2173 2224 ‚
2226 2164 2454 2216 amara
2490 2138 2830 2314 statiuilgo
2859 2143 2975 2220 est.
3081 2143 3295 2237 Quod
3330 2168 3566 2222 autem

884 2243 1205 2320 omnium
1238 2239 1331 2314 est
1368 2237 1493 2316 hac
1526 2264 1599 2312 m
1640 2264 1712 2312 re
1748 2234 2205 2312 miserrimum
2248 2282 2273 2321 ,
2327 2240 2681 2336 repudiata
2755 2241 2933 2314 emel
2977 2241 3388 2314 immortalis
3424 2242 3568 2318 Dei

880 2337 1186 2414 amicitia
1219 2382 1245 2420 2
1300 2339 1526 2410 omnis
1566 2336 1915 2409 coaliturae
1948 2337 2201 2408 iterum
2241 2335 2430 2432 pacis
2472 2331 2619 2432 spes
2654 2331 2924 2434 prorsus
2985 2332 3338 2412 decollasse
3367 2338 3568 2410 vide-

884 2455 1019 2514 nt.
1078 2439 1295 2510 ·Non
1336 2434 1521 2506 enim
1568 2426 1721 2507 finit
1764 2433 1899 2504 Dei
1947 2426 2255 2505 sanctitas
2294 2478 2317 2514 ,
2376 2454 2454 2504 ut
2483 2437 3044 2508 communionem
3082 2431 3182 2508 sui
3225 2434 3564 2532 peccatori

884 2529 1240 2630 indulgeat
1268 2575 1293 2612 ,
1348 2554 1434 2604 ne
1489 2523 1611 2626 ipfi
1668 2525 1985 2602 videatur
2024 2521 2151 2600 else
2208 2523 2475 2602 similis.
2574 2528 2845 2628 Justitia
2897 2531 3258 2604 vindictam
3301 2531 3564 2628 exigit:

884 2629 1159 2704 Veritas
1200 2626 1633 2702 interminata
1680 2622 1775 2700 est
1807 2646 2128 2699 mortem.
2231 2629 2332 2698 Ac
2385 2648 2825 2724 nequaquam
2871 2624 3390 2726 exspectandum
3427 2624 3562 2710 est.

884 2747 963 2800 ut
984 2729 1181 2800 Deus
1200 2769 1223 2806 2
1274 2725 1351 2799 in
1384 2721 1691 2796 hominis
1726 2721 2103 2818 peccatoris
2126 2725 2458 2820 gratiam,
2512 2746 2748 2818 pacem
2793 2723 3210 2823 redintegret
3235 2748 3394 2798 cum
3418 2721 3568 2800 ulla

882 2823 1221 2896 virtutum
1246 2816 1517 2895 suarum
1550 2813 1849 2892 laefione.
1950 2819 2237 2894 Accedit
2332 2816 2479 2890 uod
2517 2815 2658 2918 ipse
2697 2816 2916 2893 homo
2955 2845 3094 2894 tam
3137 2843 3366 2896 mente
3405 2843 3568 2918 cap-

886 2941 1041 3002 tus,
1098 2941 1237 2992 tam
1280 2913 1400 2992 fibi
1432 2911 1553 3015 ipsi
1595 2915 1915 2990 inimicus
1951 2910 2071 2998 fit,
2126 2937 2205 2990 ut
2228 2941 2311 2988 ve
2383 2913 2684 2990 oblatam
2707 2919 2838 2989 Dei
2865 2919 3154 3016 gratiam
3179 2913 3257 2992 fit
3278 2920 3566 3010 rejeau-

886 3041 999 3092 rua
1020 3062 1045 3098 ‚
1089 3015 1177 3087 ad
1214 3015 1565 3090 interitum
1605 3008 1803 3086 suum
1852 3008 2082 3086 insane
2121 3012 2495 3088 obdurans,
2593 3015 2795 3088 Adeo
2836 3039 2994 3089 eum
3037 3011 3155 3089 fibi
3215 3017 3565 3113 mancipa-

882 3115 987 3188 vit
1021 3111 1411 3195 Diabolus,
1464 3133 1544 3186 ut
1576 3107 1791 3184 libere
1826 3108 2209 3184 admodum
2239 3136 2316 3186 ac
2359 3109 2728 3186 liberaliter
2769 3115 2830 3184 ei
2881 3108 3123 3187 serviat
3157 3158 3180 3195 ,
3231 3111 3568 3212 pristinae-

934 3235 1025 3284 ue
1064 3207 1325 3284 oblitus
1350 3207 1692 3286 felicitatis
1717 3252 1742 3291 ,
1796 3203 2045 3283 &suat
2092 3231 2275 3284 nunc
2307 3203 2450 3308 ipse
2489 3232 2753 3284 catenas
2784 3209 3138 3308 deperiens
3176 3256 3198 3291 ,
3254 3211 3342 3282 de
3378 3205 3446 3282 se
3485 3211 3561 3282 in

934 3307 1269 3382 bertatem
1304 3301 1649 3380 afferendo
1676 3348 1703 3389 ,
1753 3309 1830 3382 &
1856 3329 2017 3380 cum
2049 3309 2210 3378 Deo
2234 3307 2309 3378 in
2345 3309 2636 3404 gratiam
2662 3305 3014 3380 redeundo
3038 3352 3062 3390 ,
3115 3310 3414 3405 cogitare
3435 3327 3564 3380 nee

882 3403 1057 3480 velit
1098 3427 1221 3475 nec
1248 3401 1474 3498 possit.
1576 3407 1657 3474 ln
1698 3425 1786 3473 eo
1821 3424 2051 3474 rerum
2100 3399 2271 3474 statu
2328 3423 2566 3484 natura
2625 3426 2754 3474 nos
2793 3425 3033 3475 omnes
3067 3401 3153 3473 de
3205 3399 3562 3476 rehendit=

880 3523 1185 3600 quoquo
1208 3491 1553 3571 versemus
1577 3495 1822 3568 oculos
1844 3540 1867 3577 ,
1922 3491 2111 3567 nulla
2140 3493 2456 3568 alicunde
2491 3492 2642 3592 spes
2673 3489 2994 3592 affulget,
3049 3497 3118 3570 ni
3150 3520 3170 3567 ι
3200 3519 3277 3569 ut
3297 3495 3564 3570 fortiter

874 3584 3079 3762 '²‘‘iffiffisseiffiamiffiffffassffliffiffi'&msfflie122'1'25313.
3127 3587 3568 3764 :3532ssAE

873 3717 991 3770 tan

876 3812 1040 3868 mus
1081 3783 1213 3867 cst,
1269 3806 1529 3859 tantam
1564 3785 1639 3856 in
1676 3776 1747 3856 se
1768 3781 2141 3884 opulentiae
2168 3779 2548 3856 ubertatem
2569 3782 2903 3880 pollidet,
2951 3807 3072 3870 ut,
3121 3783 3328 3885 quod
3343 3785 3566 3861 incre-

878 3885 1100 3964 dibile
1136 3877 1262 3956 effe
1290 3881 1507 3957 modo
1540 3881 1873 3973 jecimus,
1924 3875 2149 3954 illaefis
2187 3879 2558 3954 virtutibus
2594 3875 2732 3956 suis
2772 3927 2797 3966 ,
2853 3885 3050 3956 Deus
3089 3885 3166 3958 δι
3209 3877 3386 3956 salut
3415 3877 3560 3960 fieri

876 3982 1087 4088 ponit
1120 3981 1516 4078 peccatoris·
1618 3981 1707 4052 Et
1738 4001 1959 4076 quum
1981 3975 2458 4076 intelligentiae
2479 3971 2686 4074 ipfius
2727 3977 2920 4054 nulla
2949 3975 3030 4054 fit
3049 3977 3332 4077 pervesti
3383 3981 3558 4068 atio,

880 4087 1027 4158 n'on
1062 4077 1343 4152 difficile
1386 4077 1447 4148 ei
1490 4075 1620 4149 fuit
1654 4077 1839 4150 viam
1874 4077 2175 4148 invenire
2197 4118 2222 4157 ‚
2276 4097 2418 4188 qua
2444 4069 2882 4175 quidquidse
2905 4073 3304 4152 miserorum
3375 4078 3564 4152 omi-

880 4200 1053 4254 num
1080 4171 1273 4252 saluti
1318 4173 1680 4264 objiciebat
1716 4169 2160 4271 superaretur.
2258 4169 2518 4246 Filium
2553 4173 2740 4245 enim
2775 4169 2982 4247 habet
3005 4216 3033 4260 ,
3086 4173 3214 4272 qui
3251 4167 3562 4276 suscepto

883 4275 1291 4350 vadimonio
1324 4269 1623 4344 humana
1645 4266 1711 4343 se
1742 4293 1937 4345 carne
1956 4267 2238 4342 induere
2260 4311 2285 4352 ‚
2341 4271 2416 4344 &
2433 4293 2564 4368 pro
2581 4265 2982 4344 hominibus
3003 4293 3212 4346 omne
3235 4269 3346 4366 jus
3373 4273 3406 4348 1
3494 4275 3558 4350 ia

880 4391 1029 4448 tam
1068 4371 1339 4472 agendo
1370 4391 1585 4468 quam
1611 4363 1941 4467 patiendo
1966 4361 2293 4464 exsequi,
2347 4389 2388 4440 a
2473 4389 2558 4438 ue
2585 4367 2680 4438 ita
2702 4365 2984 4442 Divinae
3005 4369 3394 4456 sanctitati,
3479 4393 3568 4444 u-

886 4467 1123 4552 stitia,
1142 4465 1453 4546 --Veritati
1476 4463 1705 4542 nostro
1740 4465 1904 4538 loeo
1943 4460 2313 4538 satisfacere
2336 4487 2436 4562 po
2543 4515 2566 4538 .
2664 4467 2882 4538 Porro
2917 4465 2976 4538 is
2997 4461 3212 4540 Filius
3229 4467 3566 4566 Spiritum

882 4563 1099 4642 haba
1126 4563 1333 4664 longe
1368 4561 1820 4638 valentiorem
1849 4557 2091 4660 spiritu
2124 4557 2502 4634 inferorum
2539 4605 2564 4643 ,
2620 4561 2746 4658 qui
2783 4561 3216 4637 merita-Filii
3255 4561 3570 4638 mortali-

882 4661 1022 4750 bus,
1046 4661 1387 4766 applicate
1410 4705 1437 4750 ,
1488 4661 1567 4736 δι’.
1598 4659 1965 4738 flexanima
1998 4681 2079 4736 ac
2111 4657 2526 4826 vqpticordia
2545 4647 2932 4736 visumst„
2947 4655 3194 4738 odium
3211 4661 3348 4736 Dei
3367 4682 3582 4828 mgn-

2270 4778 2304 4826 r
2352 4779 2385 4828 r
2411 4777 2446 4830 r
2493 4777 2538 4834 a
3379 4777 3430 4828 ti
3483 4776 3568 4834 ut
