4667 5442
571 480 671 600 374
828 381 1539 561 lixrrtcrrnrro
1609 466 1718 565 XV.

567 626 740 704 adolendo
762 626 915 702 adaram
937 631 1147 710 inauratam,
1176 621 1210 701 in
1230 634 1373 715 Sansto,
1401 655 1461 731 per
1473 632 1667 731 gregarium
1677 629 1917 713 Sacerdotem,

569 732 625 804 cui
645 730 772 802 functio
790 726 850 800 ista
872 726 993 799 sortito
1010 726 1203 823 obtigerat,
1231 730 1283 798 uti
1293 723 1400 802 'fustus
1427 729 1487 803 suo
1506 730 1595 803 loco·
1607 729 1912 803 demonstrabitur.

568 831 660 919 Qae
682 821 873 897 observatio
893 823 937 894 de
955 820 1065 904 sorte,
1092 826 1227 896 Summi
1240 823 1415 918 Pontificis
1432 823 1635 927 figmentum
1648 825 1763 899 valide
1773 825 1917 899 refutat.

570 926 613 996 Ei
630 925 723 995 enim
743 966 755 1005 ,
783 919 980 1016 &quidem
997 916 1060 994 soli
1082 966 1093 1002 ,
1121 945 1165 992 ex
1185 922 1313 993 Divina
1333 924 1497 1015 juffione,
1524 925 1685 996 introitus
1697 947 1779 997 cum
1800 919 1918 995 suffitu

569 1022 606 1092 in
623 1018 739 1094 locum
762 1014 997 1091 sandillrmum
1028 1018 1339 1110 eratumandatus:
1375 1022 1414 1093 δε
1442 1043 1662 1117 nequaquam
1690 1014 1792 1119 super
1820 1043 1860 1090 ea
1880 1042 1919 1090 re

569 1139 649 1191 cum
670 1116 745 1188 aliis
763 1112 1002 1189 Sacerdotibus
1036 1109 1260 1188 sortiendum.
1312 1120 1412 1189 Hanc
1428 1116 1674 1190 inextricabilis
1691 1137 1917 1214 argumenta·

568 1216 698 1297 tionis,
724 1214 776 1285 uti
799 1214 923 1283 merito
942 1235 1017 1282 eam
1037 1230 1210 1307 nuncupat
1223 1214 1411 1296 Batonius,
1438 1216 1512 1286 vim
1531 1213 1669 1285 eludere
1680 1235 1829 1285 conatus
1847 1218 1917 1283 Be·

415 1305 418 1312 ’
495 1376 497 1381 .
569 1312 635 1394 d'r,
666 1307 787 1409 lingit,
806 1303 956 1389 sortem,
986 1309 1082 1397 cujus
1103 1308 1275 1380 meminit·
1292 1313 1424 1392 Lucas,
1457 1334 1527 1381 non
1547 1309 1758 1381 referendam
1786 1304 1852 1380 esse
1870 1305 1915 1380 ad

513 1456 534 1512 22
569 1405 766 1489 incensum,
794 1401 851 1475 sed
867 1403 912 1475 ad
930 1399 1037 1500 ipsam
1055 1405 1190 1479 Summi
1206 1406 1393 1478 Sacerdotii
1414 1405 1686 1486 institutionem,
1713 1400 1811 1502 quast
1825 1401 1917 1478 sorte

530 1511 533 1516 ⁴
569 1506 614 1577 ad
636 1504 732 1579 islam
751 1502 953 1599 dignitatem
971 1499 1155 1572 destinatus
1171 1499 1352 1575 Zacharias
1370 1502 1484 1574 fuerit.
1535 1507 1666 1574 Verum
1678 1504 1791 1574 invito
1803 1507 1914 1583 Luca,

571 1604 668 1691 cujus
686 1598 789 1671 verba
811 1598 1125 1694 interpretationem
1152 1594 1250 1669 illam
1278 1600 1420 1671 minime
1439 1600 1639 1695 patiuntur:
1675 1601 1785 1670 invita
1809 1602 1913 1672 etiam

571 1700 669 1771 omni
689 1695 835 1769 historia.
885 1700 979 1767 Nam
1000 1717 1113 1790 neque
1133 1717 1178 1765 ex
1196 1696 1327 1767 Divino
1349 1695 1530 1776 instituto,
1557 1717 1670 1793 neque
1693 1720 1738 1768 ex
1755 1697 1914 1769 moribus

571 1794 805 1896 Judaeorum,
831 1814 945 1888 neque
964 1814 1008 1863 ex
1034 1792 1254 1886 corruptione
1277 1812 1474 1890 temporum
1495 1837 1505 1873 ,
1539 1793 1575 1863 in
1592 1815 1673 1862 eum
1692 1786 1805 1889 usque
1818 1793 1913 1865 diem

569 1887 634 1963 usu
655 1907 825 1971 venerat,
863 1908 902 1958 ut
922 1892 1087 1959 Summus
1107 1886 1271 1960 Sacerdos
1297 1884 1385 1960 sorte
1406 1911 1559 1983 unquam
1578 1884 1775 1985 designatus
1798 1889 1910 1962 fuerit.

571 1984 771 2090 Josephus,
800 1987 862 2082 qui
881 1985 1039 2055 omnium
1067 1981 1160 2055 istius
1181 1986 1291 2056 aetatis
1312 1980 1517 2057 Pontificum
1538 1979 1809 2068 succelslonem,
1835 2009 1913 2060 cum

569 2085 726 2158 nefandis
750 2084 877 2181 quibus
901 2080 1087 2177 aliquoties
1108 2077 1269 2177 acquisita
1291 2080 1339 2153 est
1366 2076 1578 2161 sceleribus,
1606 2103 1759 2153 accurate
1785 2084 1908 2163 tradit,

570 2180 676 2255 semel
696 2180 862 2251 duntaxat
880 2198 1016 2249 tantum
1044 2177 1139 2248 nesas
1158 2201 1276 2250 contra
1299 2178 1413 2276 legem
1435 2173 1613 2250 admissum
1636 2174 1763 2260 fuille,
1792 2181 1912 2278 paullo

569 2300 647 2351 ante
664 2277 930 2349 internecionem
941 2269 1219 2372 Hierosolymae,
1246 2273 1397 2348 testatur.
1409 2279 1447 2347 de
1459 2277 1545 2348 Bello
1556 2278 1637 2368 yur.
1650 2275 1706 2347 lib.
1721 2297 1778 2348 tv.
1794 2299 1865 2375 cap.
1875 2301 1909 2352 v·

567 2378 748 2452 Nimirum
771 2366 973 2468 Vespasiano
999 2371 1157 2469 Judaeam
1179 2373 1329 2443 exercitu
1354 2367 1414 2442 suo
1435 2372 1641 2453 afflidante,
1669 2368 1911 2448 sceleratorum

568 2473 742 2547 latronum
760 2469 883 2551 ladio,
908 2491 989 2565 quae
1007 2467 1209 2539 Zelotarum
1227 2462 1287 2539 srbi
1308 2492 1436 2539 nomen
1454 2464 1631 2552 sumserat,
1653 2471 1688 2542 vi
1701 2469 1912 2565 publicade·

567 2566 679 2667 posrto
699 2568 904 2664 redadloque
920 2571 956 2637 in
975 2563 1133 2637 ordinem
1151 2567 1284 2636 Anania
1295 2564 1477 2638 Sacerdote
1495 2569 1662 2648 Summo,
1690 2564 1910 2642 successorem

570 2665 660 2738 sorte
672 2662 804 2758 delegit
824 2691 833 2733 t
861 2656 1061 2732 sorsautem
1082 2663 1190 2743 exiit,
1218 2660 1322 2734 Phani
1337 2660 1493 2743 cuidam,
1522 2683 1662 2760 propter
1673 2661 1907 2747 rusticitatem,

570 2760 660 2857 quid
673 2753 893 2832 Pontificatus
918 2750 1024 2836 ellet,
1052 2760 1190 2853 penitus
1210 2753 1384 2830 nescienti.
1435 2759 1543 2847 Quod
1569 2763 1772 2834 Sacerdotes
1791 2761 1911 2862 procul

570 2858 755 2954 spedantes
765 2898 777 2933 ,
804 2851 919 2948 legem
937 2873 1010 2921 tam
1023 2852 1152 2923 nefario
1165 2848 1247 2923 ausu
1265 2853 1419 2925 ludibrio
1439 2853 1556 2927 haberi
1572 2902 1581 2937 ,
1611 2858 1733 2930 calidis
1749 2858 1910 2934 lacrumis

568 2949 806 3049 deplorabant.
857 2949 1021 3043 Denique
1043 2972 1102 3020 cur
1118 2948 1260 3020 Hebraei
1279 2949 1422 3046 quidam
1434 2953 1622 3049 Scriptores
1632 2952 1833 3053 Johannem
1845 2964 1912 3028 Za·

568 3050 691 3129 chariae
710 3041 849 3126 filiurn,
875 3042 1096 3117 Sacerdotem
1117 3047 1289 3141 Magnum
1309 3044 1443 3129 dicant,
1472 3045 1532 3144 ipli
1551 3050 1711 3124 viderint.
1762 3052 1911 3147 „ymen

568 3143 751 3239 Altinius,
775 3139 851 3240 post
868 3138 1045 3232 Drusum,
1069 3139 1112 3215 stc
1134 3143 1401 3240 interpretatur,
1429 3167 1467 3216 ut
1489 3145 1630 3220 fortassis
1655 3147 1843 3225 Zacharias
1859 3176 1911 3224 ca·

568 3268 633 3347 pur
657 3243 758 3317 suerit
779 3240 833 3309 tiit
851 3238 1006 3333 ierurgiae
1025 3241 1149 3322 Abiae,
1178 3264 1291 3339 eoque
1303 3243 1444 3313 nomine
1462 3238 1602 3333 ἀρχιερεὺς
1613 3267 1776 3330 vocatus,
1806 3273 1910 3348 aquo

563 3343 690 3417 ¹eadem
708 3335 952 3437 appellationis
965 3336 1114 3436 dignitas
1123 3336 1169 3408 ad
1182 3340 1321 3410 unicum
1341 3334 1657 3414 filiurntransrverit.
1693 3344 1788 3416 Vide
1802 3346 1910 3421 Schilr.

567 3439 624 3518 lib.
637 3462 692 3513 tv.
705 3454 892 3531 capxxrv.
945 3437 1145 3515 Caeterum,
1168 3458 1279 3531 quum
1296 3436 1334 3506 id
1353 3459 1496 3531 quoque
1510 3432 1647 3532 prorsus
1665 3441 1850 3525 incertum,
1863 3447 1909 3526 δι,

567 3538 652 3635 quia
670 3532 836 3605 indictum
854 3534 988 3612 Lucae,
1025 3554 1096 3602 non
1124 3529 1316 3603 admodum
1341 3531 1518 3626 probabile
1537 3527 1606 3619 stt3
1640 3558 1707 3634 ego
1728 3540 1910 3624 Hebraeis,

479 3712 483 3718 ,
566 3654 659 3729 quos
684 3625 845 3724 pessimos
873 3624 1022 3701 hilloriae
1044 3623 1221 3724 magistros
1247 3623 1310 3698 esse
1331 3629 1426 3711 scio,
1462 3625 1519 3701 sua
1540 3632 1767 3729 relinquere,
1805 3663 1909 3735 quam

389 3959 429 4022 V,
446 3953 548 4035 Quies

566 3720 707 3827 quaesita
726 3747 766 3795 ac
779 3746 902 3819 parum
922 3716 1033 3796 solida
1057 3724 1336 3818 interpretatione
1355 3725 1473 3813 juvare
1489 3749 1551 3798 eos
1572 3730 1679 3806 malo.
1730 3730 1909 3811 Suffecarit

566 3822 693 3904 nobis,
720 3818 922 3894 Zachariam
938 3819 1150 3891 ordinarium
1166 3819 1386 3894 Sacerdotem
1406 3819 1513 3896 fitille.

664 3923 711 3992 Vc
746 3922 795 3991 At
828 3918 925 4007 culus
949 3914 1081 3989 ordinis
1113 3912 1127 3985 ἓ
1175 3921 1259 3988 Non
1287 3914 1363 3990 srnit
1395 3944 1459 3992 nos
1486 3919 1554 3993 hoo
1588 3924 1744 4019 ignorare
1769 3931 1907 4008 Lucas:

390 4035 422 4094 ,a
440 4012 599 4110 materiali
611 4012 763 4110 ἱφιμιξίας
782 4008 887 4096 nard,
911 4016 966 4090 Ex
981 4008 1071 4103 elaffe
1090 4008 1192 4087 Abia.
1243 4017 1351 4101 Quod
1368 4036 1407 4087 ut
1425 4021 1511 4088 reete
1525 4020 1761 4118 intelligatur,
1791 4051 1847 4101 res
1867 4030 1906 4102 ab

390 4114 477 4171 dinem
494 4107 525 4166 itt

389 4205 467 4252 xxiv
479 4182 544 4260 sam

390 4263 489 4324 tributi

389 4336 496 4419 cans.

567 4115 668 4187 initio
687 4112 855 4210 quidem,
883 4132 918 4182 at
938 4110 1113 4222 breuiter,
1140 4111 1325 4221 repetenda·
1342 4115 1451 4223 yenit.
1471 4115 1473 4122 '
1501 4113 1687 4286 Postqsuam
1710 4122 1746 4193 in
1766 4129 1908 4199 Am,

567 4210 736 4383 sala
755 4201 1908 4394 ,sl‚hestrutlambuitessee

469 4509 473 4518 ι
563 4408 601 4483 in
617 4427 768 4508 quorum
785 4400 979 4503 posteritate
992 4403 1185 4478 continuari
1195 4404 1432 4479 Sacerdotium
1452 4409 1622 4507 oportuit.
1669 4411 1773 4489 Filiis
1793 4440 1908 4491 autem

1690 4557 1696 4566 ,
1817 4509 1909 4618 „a
