4667 5442
569 505 668 614 394
817 397 1707 575 e'xcncmrcoxv.

564 641 734 739 caprinum,
758 635 807 728 rai
821 642 907 737 pipat<
921 646 1074 729 cegb'inat
1086 638 1243 722 ritt‘aouitt
1260 690 1270 717 ,
1294 646 1368 707 τέτο
1382 636 1474 725 cipit
1484 643 1573 709 itudo
1591 687 1602 716 ,
1625 636 1661 705 ri
1674 646 1703 705 ’tn
1714 641 1756 703 ni
1769 641 1913 705 παλάιυὲ

564 735 699 807 Siti&
724 726 773 815 uqi
788 726 1084 825 termipolarum&
1109 732 1307 820 ςηρωθίντθ
1321 732 1359 813 ab
1378 717 1497 795 irradiat
1521 731 1579 794 τῶν
1603 721 1758 810 &auimo
1777 725 1853 809 tipus
1872 728 1915 789 rii

565 822 719 912 ppartrti,
742 811 798 889 nair
813 814 885 911 megi
904 819 1003 909 Χςιςῧ
1024 813 1186 910 agripinam
1204 817 1394 907 aparuerit,
1418 805 1467 897 ’Ul
1481 810 1534 881 ‘ritu
1549 815 1631 877 aaa&
1649 812 1765 996 μηὲίὶα
1784 818 1816 879 bu
1829 806 1910 875 risu

565 907 730 971 συνελθεῖν.
775 903 900 975 Silentii
924 899 1017 999 ipfim
1045 920 1121 1017 ppo
1152 900 1226 995 legit
1241 901 1400 992 fidentium
1427 895 1636 972 indicabatur.
1731 900 1785 969 uid
1807 917 1916 968 autern

564 1004 646 1097 quad
666 1023 706 1072 cx
717 996 867 1087 fidentio,
892 1002 935 1075 (a
946 996 1140 1082 sterilitate,
1165 1002 1209 1073 Θ
1216 996 1373 1088 senesiam
1393 1020 1462 1071 vote
1477 1013 1648 1092 procreata
1659 994 1703 1086 fit
1724 1024 1733 1067 c
1760 997 1849 1067 Hinc
1861 1000 1917 1065 v'i·

563 1096 675 1169 delicet
694 1095 771 1168 illud
781 1092 954 1191 fignificari
973 1092 1134 1177 arbitror,
1157 1120 1198 1170 ex
1211 1095 1330 1193 scripta
1348 1095 1415 1189 loge
1434 1147 1445 1176 ,
1479 1090 1518 1167 ob
1539 1117 1647 1166 cotum
1664 1094 1720 1188 qui
1737 1116 1808 1164 earn
1825 1114 1916 1163 acce·

559 1193 677 1289 perant
690 1191 930 1266 inobedientiam
944 1195 1228 1266 &contumaciam
1249 1244 1261 1279 ,
1279 1191 1367 1281 senio
1388 1215 1425 1262 ac
1443 1186 1598 1272 octtdlatc
1616 1185 1778 1277 contidla,
1804 1188 1920 1259 vatici·

565 1294 617 1361 nia
635 1295 673 1362 de
695 1289 816 1371 Christo
833 1286 994 1386 proditffi,
1017 1290 1145 1387 binaque
1165 1293 1260 1361 etiam
1271 1288 1364 1385 ipfim
1383 1308 1522 1362 matrem
1530 1310 1594 1359 una
1607 1281 1732 1377 vemffc.
1783 1286 1839 1357 Sic
1860 1280 1920 1375 dfi-

565 1393 668 1460 dorm.
702 1393 751 1458 At
763 1412 907 1469 vereor,
934 1410 977 1458 ne
999 1387 1100 1458 nimis
1124 1408 1243 1484 arguta
1257 1381 1336 1474 ustnt.

385 1557 503 1618 xxm
665 1521 824 1591 XXXII.
850 1524 971 1593 Natus
980 1543 1058 1593 cum
1076 1541 1129 1591 tot
1141 1518 1310 1615 prodigiis
1331 1509 1512 1613 faustisque
1524 1512 1701 1587 ominibus
1714 1511 1841 1594 infans,
1855 1510 1921 1585 ad·

386 1632 526 1692 Parenta.
568 1617 741 1688 mirationi
758 1615 821 1687 suit
840 1615 1028 1701 omnibus3
1055 1640 1134 1687 cum
1156 1615 1292 1712 stupore
1307 1640 1378 1686 non
1401 1616 1554 1709 exiguo,
1583 1635 1655 1707 quo
1676 1609 1818 1681 tandem
1836 1634 1919 1681 eva·

386 1708 662 1800 accuveotmsurus
677 1707 778 1794 esset,
805 1714 894 1784 inter
907 1708 940 1783 se
960 1712 1203 1808 quaerentibus.
1253 1704 1582 1809 Deprehensumque
1614 1707 1680 1780 suit
1700 1708 1769 1795 jam
1796 1705 1878 1777 inde
1898 1731 1917 1776 a

386 1782 542 1931 {dm}
568 1809 766 1891 cunabulis,
794 1833 920 1881 manum
940 1813 1007 1883 Dei
1028 1834 1099 1882 cum
1119 1807 1184 1904 ipso
1200 1804 1303 1899 fuisse.
1330 1834 1421 1881 com.
1447 1810 1507 1878 66.
1562 1803 1672 1893 Quod
1685 1802 1730 1873 de
1754 1797 1920 1900 fingulari

387 1938 491 1999 „apg
566 1908 635 1978 Dei
652 1905 767 1978 favore
785 1910 822 1981 &
845 1907 981 2001 potenti
998 1905 1128 1977 auxilio
1148 1905 1360 2002 interpretari
1390 1903 1542 1983 malim,
1582 1924 1689 1996 quam
1718 1898 1762 1970 de
1784 1900 1916 1996 Spiritu

566 1997 785 2100 Prophetico.
837 2004 1006 2093 Qamvis
1025 2003 1117 2074 enim
1139 2000 1234 2075 illius
1261 2001 1423 2081 afflatus,
1460 2003 1498 2074 &
1518 2000 1555 2070 in
1574 1997 1733 2069 homines
1755 1992 1914 2093 illapsus,

565 2124 678 2173 manm
699 2102 834 2190 Domini
854 2099 1065 2197 quandoque
1097 2099 1132 2171 in
1156 2100 1265 2170 Sacris
1293 2119 1466 2178 vocetur,
1502 2113 1708 2168 nontamen
1731 2116 1834 2177 cum,
1861 2091 1919 2167 sed

560 2196 657 2292 [uper
675 2193 876 2269 hominibus
894 2189 957 2266 esse
975 2194 1163 2269 constanter
1173 2194 1310 2270 dicitur.
1323 2191 1449 2266 Ezech.
1465 2201 1548 2285 12'3.
1575 2212 1735 2265 rutxvu:
1752 2213 1789 2263 1.
1805 2216 1869 2262 xr:
1884 2214 1914 2263 t.

566 2301 607 2366 ln
622 2318 664 2365 eo
685 2313 800 2366 autem
821 2294 939 2365 Divini
960 2288 993 2364 se
1014 2293 1141 2366 favoris
1172 2291 1349 2390 opulentia
1366 2288 1627 2363 luculentissime
1653 2284 1914 2368 demonstravit,

564 2388 665 2487 quod
681 2390 833 2486 puerultu
850 2388 1003 2478 crescebat
1022 2393 1065 2465 (d
1082 2386 1346 2464 corroborabatur
1362 2387 1482 2481 spiritu.
1497 2411 1589 2457 com.
1619 2392 1674 2464 80.
1697 2385 1762 2481 qui
1784 2384 1820 2455 in
1843 2379 1916 2483 ipso

564 2511 709 2583 quoque
729 2482 865 2583 spiritus
883 2481 1075 2582 sapientiae,
1101 2485 1294 2582 prudentiae
1309 2510 1347 2556 ac
1364 2484 1500 2555 timoris
1519 2481 1664 2553 Domini
1685 2500 1779 2553 etat:
1806 2482 1917 2553 virtu·

566 2584 661 2655 tibus
680 2582 749 2655 illis
768 2581 889 2657 illustri
909 2581 1088 2681 splendore
1107 2629 1118 2664 ‚
1145 2607 1211 2679 pro
1223 2583 1333 2654 aetatis
1346 2582 1502 2661 ratione,
1529 2577 1759 2659 micantibus,
1788 2580 1840 2660 &,
1850 2602 1915 2675 pro

566 2702 735 2751 annorum
764 2669 1002 2763 incremento,
1031 2680 1112 2751 novi
1134 2680 1262 2769 jubaris
1283 2678 1462 2753 accessione
1492 2678 1610 2748 aubis.
1661 2674 1730 2746 Cui
1753 2678 1831 2757 rei,
1857 2670 1916 2747 sub

565 2775 695 2844 Divina
715 2773 975 2857 benedistione,
1003 2770 1205 2847 inserviebat
1226 2821 1237 2856 ,
1265 2780 1380 2847 exalia
1396 2800 1433 2848 ac
1451 2768 1598 2845 sollicita
1616 2772 1718 2869 pueri
1738 2772 1913 2853 educatio,

497 2940 500 2943 .
562 2866 780 2965 prudensque
800 2865 946 2945 semotio
965 2872 1007 2943 ab
1031 2871 1201 2943 immundi
1220 2871 1341 2942 mundi
1361 2872 1587 2969 contagione,
1614 2872 1652 2941 δι
1673 2891 1917 2968 corruptorum

547 2963 603 3037 'ac
621 2967 914 3065 corrumpentium
932 2965 1116 3040 hominum
1142 2969 1363 3040 commercio.
1413 2973 1493 3041 Fuit
1512 2968 1654 3040 enimin
1672 2964 1827 3053 deserti,
1851 2964 1915 3042 ltoc

568 3059 615 3136 est
637 3064 735 3145 ruri,
762 3064 882 3161 procul
895 3064 1046 3163 publicis
1066 3061 1221 3146 Scholis,
1248 3065 1370 3161 procul
1385 3064 1483 3147 aula,
1511 3064 1633 3161 procul
1654 3056 1914 3163 Hierosolyma,

566 3160 688 3257 procul
698 3154 934 3235 seducentium
949 3162 985 3234 in
1004 3161 1241 3259 frequentibus
1253 3162 1395 3234 urbibus
1408 3162 1626 3258 voluptatum
1639 3159 1839 3233 lenociniis.
1865 3162 1918 3234 Si·

566 3256 761 3355 mquidem
782 3260 818 3331 in
836 3263 990 3333 montanis
1006 3264 1127 3353 Judctt
1148 3302 1160 3340 ,
1185 3280 1289 3356 atque
1310 3257 1470 3331 hadenus
1491 3263 1525 3330 in
1546 3256 1664 3347 deserto
1684 3311 1695 3339 ‚
1718 3257 1834 3354 patria
1855 3261 1916 3359 Jo-

566 3351 672 3426 hanni
691 3351 773 3429 urbs
794 3378 887 3428 erat:
914 3379 1117 3427 nontamen
1136 3355 1184 3427 ibi
1204 3357 1417 3443 juventutem
1431 3352 1524 3427 suam
1540 3379 1681 3428 omnem
1697 3349 1850 3452 exegisse
1863 3379 1916 3426 ar·

566 3450 697 3533 bitror,
720 3452 801 3525 idve
820 3452 1009 3526 indicatum
1028 3452 1098 3525 istis
1118 3454 1230 3524 verbis
1247 3448 1390 3524 voluisse
1423 3450 1673 3551 Evangelisiam
1696 3476 1708 3537 3
1730 3448 1916 3551 fuitqueitt

564 3546 692 3635 desertio
708 3549 855 3647 usquead
869 3574 940 3623 rttm
960 3553 1062 3630 dictu,
1086 3574 1144 3647 quo
1155 3548 1193 3635 se
1212 3546 1379 3633 ostenderet
1396 3553 1479 3644 apud
1492 3549 1651 3639 Israilem.
1700 3548 1773 3621 Sed
1791 3573 1916 3647 quem·

564 3642 757 3717 admodum
778 3649 813 3721 in
826 3648 955 3744 Spiritu
968 3644 1056 3718 Eliae
1073 3646 1170 3717 venit
1180 3692 1191 3727 ‚
1219 3648 1267 3718 ita
1281 3645 1442 3719 credibile
1463 3646 1509 3719 est
1524 3645 1585 3718 hac
1598 3668 1744 3743 quoque
1764 3647 1800 3719 in
1820 3668 1916 3743 parte

481 3759 483 3764 ⁴
566 3734 712 3813 similem
730 3742 816 3816 Eliae
836 3738 955 3825 fuisse,
983 3741 1081 3839 quod
1099 3740 1140 3814 ab
1169 3745 1308 3814 ineunte
1329 3764 1428 3815 aetate
1454 3739 1659 3815 severiorem
1678 3743 1791 3816 vitam
1812 3743 1916 3818 seua·

566 3856 648 3918 tus,
675 3836 791 3912 locum
821 3837 1043 3913 habitationis
1065 3837 1207 3934 elegerit
1233 3834 1401 3913 severitati
1429 3838 1482 3911 isti
1502 3841 1779 3912 convenientem.
1831 3845 1915 3914 Non

565 3952 683 4007 tamen
693 3936 740 4006 ita
755 3960 835 4008 eum
853 3939 922 4009 ruri
940 3931 1237 4032 semper-haesisse,
1264 3937 1300 4007 bc
1317 3936 1359 4007 ab
1377 3934 1576 4007 hominibus
1593 3930 1785 4031 separatum
1795 3929 1913 4009 vixill'c

566 4029 733 4113 arbitror,
761 4055 799 4105 ut
818 4059 855 4106 ea
867 4034 1043 4131 religionis
1063 4033 1222 4104 exercitia
1236 4029 1407 4115 omiserit,
1435 4034 1478 4104 ad
1497 4058 1575 4129 quae
1593 4033 1652 4104 vel
1666 4036 1852 4107 communi
1865 4034 1913 4106 lt-

484 4173 497 4190 ·.
565 4149 610 4225 ge
632 4126 872 4226 obligabantur
893 4127 1082 4211 lsrailitae,
1117 4129 1176 4201 vel
1207 4127 1344 4227 speciali
1371 4130 1448 4226 lege
1475 4129 1699 4204 sacerdotum
1724 4124 1803 4204 filii.
1857 4129 1912 4203 Ob

565 4248 672 4321 quarn
693 4228 785 4299 enim
802 4228 1018 4324 probabilem
1038 4229 1207 4301 rationem
1229 4223 1432 4301 abstinuisset
1451 4227 1657 4322 quotidiano
1670 4226 1706 4297 in
1717 4229 1911 4327 Synagogis

564 4320 680 4403 cttlru,
709 4318 818 4422 iisque
831 4324 1111 4427 Hierosolymam
1123 4324 1168 4397 ad
1186 4325 1375 4421 Templum
1387 4321 1679 4420 professionibus,
1707 4349 1791 4421 quae
1809 4324 1913 4398 ternis

437 4428 445 4440 ‘
561 4416 804 4505 festivitatibus
823 4425 998 4501 annuatim
1017 4420 1237 4524 suscipiendae
1253 4424 1380 4502 cunctis
1399 4416 1559 4498 lstailitis
1572 4417 1691 4499 etant}
1717 4421 1790 4500 Sed
1806 4425 1914 4496 inctr-

1855 4543 1914 4594 tttu
