4667 5442
640 493 744 609 380
801 433 805 439 Α
867 466 1596 576 'exereret-rio
1664 420 1796 579 XV.-

643 621 867 721 Sacerdotuni
884 642 1096 741 principibus
1117 672 1126 716 ι
1153 642 1237 715 item
1262 666 1321 717 cur
1338 644 1474 716 tertiam
1485 645 1591 741 Legis
1607 639 1753 741 speciem
1767 644 1995 744 praterierit3

645 746 728 840 quia
745 742 907 814 videlicet
920 743 1046 832 judicia
1065 788 1076 822 ,
1104 741 1255 813 maxima
1266 765 1309 812 ex
1334 763 1453 837 parte,
1481 765 1584 838 penes
1602 744 1781 816 Romanos
1800 764 1908 815 erant.
1936 739 1996 812 Ab

643 862 795 936 utroque
814 834 963 911 dissentit
975 834 1182 930 Ligtsootut,
1207 837 1242 909 in
1254 838 1493 910 Horriadhunc
1504 837 1626 915 baum,
1644 841 1728 933 qui,
1751 840 1913 935 quamvis
1927 837 1996 908 ob·

643 930 754 1009 servet
773 951 907 1043 mtpn
921 940 958 1009 &
969 953 1063 1045 mpn
1085 933 1519 1029 frequentiffimeaGraecis
1536 931 1633 1005 reddi
1642 929 1858 1016 δικαιώματα,
1877 932 1992 1031 quod,

643 1035 719 1106 vice
739 1030 891 1129 plurium
914 1030 1181 1126 exemplorum,
1210 1025 1287 1101 satis
1305 1051 1399 1125 patet
1417 1054 1461 1102 ex
1474 1025 1607 1103 Psalmo
1630 1054 1742 1103 cxtx.
1773 1031 1835 1102 ubi
1843 1031 1925 1127 plus
1939 1030 1996 1101 vi-

647 1132 716 1201 cies
733 1130 768 1199 id
789 1124 850 1200 usu
871 1128 989 1200 venit:
1018 1149 1168 1198 attamen
1186 1150 1289 1221 aequo
1317 1121 1427 1198 forsan
1447 1121 1607 1197 curiosius
1629 1119 1691 1197 else
1714 1127 1841 1206 credit,
1864 1118 1994 1198 {nonde

646 1224 691 1299 ad
708 1225 925 1321 Decalogum
945 1222 1089 1305 referre,
1118 1218 1310 1306 δὶκαιώματα
1327 1223 1370 1305 ad
1411 1242 1554 1317 raecepta
1572 1223 1827 1297 Cerimonialia.
1881 1219 1995 1309 Quod

537 1395 539 1400 ,
646 1318 734 1393 mihi
751 1346 821 1393 non
834 1320 1059 1418 improbatur.
1111 1322 1182 1391 Vix
1203 1319 1296 1389 enim
1314 1341 1357 1390 ex
1377 1246 1475 1391 lieris
1490 1319 1598 1390 literis
1618 1319 1722 1391 trium
1742 1318 1899 1399 istarum,
1919 1339 1995 1392 tam

647 1418 874 1490 Hebraearum
893 1440 1000 1512 quam
1017 1420 1212 1490 Graecarum
1231 1437 1359 1485 vocum
1379 1460 1391 1495 ,
1418 1413 1639 1486 determinata
1658 1412 1826 1486 distinctio
1845 1414 1995 1485 demon·

649 1511 741 1587 llrari
756 1510 868 1608 potest
881 1538 892 1596 3
918 1536 1027 1608 quum
1040 1506 1232 1610 promiscue
1249 1504 1337 1604 saepe
1357 1505 1569 1606 usurpentur.
1619 1510 1776 1583 Fortassis
1791 1512 1909 1582 omnia
1924 1509 1994 1581 Dei

555 1687 557 1691 ,
648 1608 809 1681 mandata
828 1611 864 1680 &
875 1625 986 1692 num
1009 1605 1128 1681 {monui
1152 1606 1219 1679 dici
1235 1606 1375 1702 possunt
1391 1628 1529 1702 propter
1543 1608 1748 1702 precipientis
1762 1607 1993 1687 austeritatem,

647 1707 686 1777 &
709 1720 842 1813 εφη
867 1727 1006 1801 propter
1021 1696 1223 1788 definitionem
1245 1704 1612 1782 &determinationem
1638 1706 1767 1800 quippe
1788 1704 1917 1799 quibus
1939 1705 1996 1774 ni·

591 1858 593 1860 -
648 1799 703 1874 hil
723 1801 845 1873 addere
866 1824 925 1872 aut
947 1801 1084 1872 demere
1101 1794 1220 1880 liceat,
1249 1800 1285 1869 δι
1303 1815 1502 1881 D’vbwb
1526 1796 1691 1892 κρίματα,
1716 1800 1813 1897 quod
1825 1794 1889 1871 sint
1905 1823 1997 1893 regu·

649 1894 815 1988 sejudicii
825 1924 837 1984 3
863 1899 899 1969 &
913 1890 1102 1979 dmrdpoera
1122 1894 1220 1991 quod
1245 1890 1307 1967 stnt
1328 1918 1416 1968 certa
1433 1896 1547 1965 omnis
1560 1892 1687 1984 justitia
1705 1920 1825 1971 norma.
1862 1889 1994 1967 Omissa

648 1995 768 2090 itaque
786 1987 1022 2090 scrupulosiori
1039 1989 1288 2063 vocabulorum
1312 1990 1547 2072 distiniiione,
1575 1989 1618 2060 ad
1636 1990 1809 2066 Zachariae
1828 1993 1867 2064 &
1886 1988 1994 2064 Elisa-

651 2090 741 2163 betae
761 2089 901 2162 laudem
914 2084 1077 2167 sufficiat,
1106 2086 1205 2183 quod
1216 2088 1253 2159 in
1276 2088 1540 2185 quibuscunque
1558 2085 1646 2183 legis
1656 2089 1791 2161 Divinae
1809 2088 1993 2169 mandatis,

651 2184 719 2262 stne
741 2185 811 2259 ulla
831 2186 982 2257 ullorum
1007 2187 1231 2282 exceptione,
1258 2183 1444 2257 constanter
1461 2182 1723 2256 ambulaverint.
1775 2193 1813 2258 ln
1834 2181 1994 2265 omnibus,

652 2284 734 2357 dico
756 2312 765 2356 ε
793 2283 853 2380 qui
870 2283 1010 2354 enimin
1028 2280 1202 2377 aliquibus
1217 2302 1351 2353 tantum
1372 2304 1505 2351 morem
1526 2284 1605 2349 Deo
1625 2303 1742 2377 gerere
1760 2280 1919 2363 instituit,
1933 2283 1996 2355 ali·

680 2407 724 2454 ua
740 2404 822 2452 vero
841 2379 988 2458 eximit,
1017 2402 1096 2473 quae
1110 2372 1171 2447 suo
1188 2374 1248 2448 srbi
1266 2377 1429 2448 arbitratu
1448 2398 1546 2474 agat,
1575 2376 1604 2446 is
1625 2401 1694 2447 non
1715 2382 1794 2448 Deo
1813 2402 1923 2474 paret,
1939 2374 1994 2450 sed

651 2408 713 2552 ibi
729 2477 853 2575 placet.
906 2481 1005 2548 Verae
1027 2473 1234 2546 obedientiae
1257 2472 1518 2544 fundamentum
1538 2470 1584 2543 est
1603 2475 1832 2570 praecipientis
1851 2477 1996 2548 austori-

651 2598 729 2649 tas:
757 2599 835 2671 quae
853 2597 963 2669 quum
981 2573 1016 2643 in
1040 2568 1202 2642 omnibus
1229 2594 1338 2666 praece
1365 2571 1407 2641 tis
1432 2568 1553 2640 eadem
1577 2562 1646 2651 sit,
1674 2575 1791 2642 cunila
1823 2574 1932 2644 etiam
1951 2597 1994 2647 ex

650 2694 756 2767 aequo
770 2668 922 2765 obligare
937 2662 1140 2740 censendum
1162 2663 1220 2738 est.
1272 2595 1410 2754 Quibus
1428 2687 1541 2736 tamen
1565 2689 1608 2736 ex
1625 2665 1738 2738 verbis
1764 2666 1807 2737 ab
1830 2672 1929 2741 omni
1953 2669 1995 2741 il·

651 2766 708 2841 los
725 2786 865 2860 peccato
889 2766 1060 2836 immunes
1077 2760 1170 2832 fuisse
1189 2762 1390 2837 concludere
1408 2760 1582 2834 nonlicet.
1631 2768 1723 2834 Nam
1737 2765 1774 2834 δι
1791 2759 1862 2860 ipse
1881 2763 2019 2837 Euan-³

679 2860 770 2932 elisia
787 2858 1035 2931 incredulitatis
1058 2850 1223 2947 ἁμάρτημα
1241 2859 1277 2928 in
1291 2856 1574 2942 Zacharianotat.
1627 2863 1729 2931 Certe
1743 2862 1859 2957 magni
1877 2861 1997 2936 Eccle-

651 2883 707 3032 ξε
726 2952 814 3028 soles
833 3001 844 3035 ,
873 2949 1011 3050 eclipses
1026 2949 1129 3034 suas,
1157 2952 1269 3025 &vel
1291 2950 1397 3034 fidei,
1427 2954 1483 3024 vel
1509 2950 1716 3037 sanstitatis,
1745 2956 1802 3027 vel
1819 2960 1995 3053 patientiae

650 3055 723 3129 deli
752 3054 807 3123 uia
826 3052 1036 3148 quandoque
1055 3049 1136 3146 passi
1155 3046 1252 3122 sunt:
1277 3073 1317 3121 ut
1335 3074 1456 3121 omnes
1477 3052 1511 3121 in
1527 3074 1693 3149 perpetuo
1707 3051 1882 3124 lucentem
1900 3053 1993 3145 justi-

545 3197 557 3220 <
652 3154 711 3226 tiae
725 3079 837 3224 solem
861 3145 1036 3221 Christum
1054 3145 1205 3233 intenti,
1243 3148 1323 3220 inde
1353 3145 1495 3219 luminis
1518 3148 1568 3220 sui
1595 3145 1812 3225 constantiam
1834 3151 1995 3247 quotidie

698 3270 782 3323 tant.

473 3363 540 3428 ΧΠ,
559 3356 621 3419 Non
651 3274 696 3350 Pe
751 3348 835 3420 Xll.
862 3342 966 3416 Tales
981 3366 1090 3440 quum
1105 3337 1207 3416 essent
1223 3342 1402 3418 Zacharias
1421 3347 1457 3418 dc
1476 3341 1652 3429 Elisabet,
1680 3345 1779 3443 prole
1796 3367 1915 3420 tamen
1933 3346 1992 3420 diu

431 3468 438 3478 ·
471 3441 528 3526 fiae
546 3435 634 3511 myste·
654 3465 832 3522 caruerunt
853 3468 862 3514 τ
889 3467 967 3513 nam
997 3443 1035 3510 &
1055 3438 1337 3529 Ehfitbetasterilia
1367 3463 1457 3524 erat,
1482 3448 1526 3517 (a
1542 3443 1631 3516 ambo
1649 3444 1721 3538 jam
1733 3445 1880 3540 prooesii
1893 3463 1991 3519 aare.

475 3536 520 3575 ”⁰
540 3513 593 3587 ‘st‘
654 3566 745 3615 com.
768 3559 803 3622 7.
854 3536 1035 3612 Pollicitus
1066 3537 1209 3633 quidem
1236 3537 1425 3612 cultoribus
1446 3536 1514 3611 suis
1543 3543 1579 3612 in
1600 3540 1676 3638 lege
1697 3567 1758 3639 per
1774 3537 1901 3614 Mosen
1927 3539 1994 3613 lata

330 3716 334 3724 ,
475 3586 751 3727 {mm-meus
771 3632 836 3716 est,
863 3657 974 3731 quum
994 3632 1139 3704 aliarum
1156 3656 1272 3705 terum
1291 3634 1507 3718 felicitatem,
1535 3641 1655 3709 tum&
1670 3636 1993 3711 laetamflorentem·

392 3801 396 3809 ,
474 3764 529 3824 que
543 3744 630 3801 eximit
655 3755 724 3831 que
743 3727 915 3803 sobolem.
930 3727 1186 3803 Exodxxnr:
1202 3734 1260 3803 26.
1289 3737 1566 3824 Deut.v11:14.
1593 3736 1629 3804 &
1650 3733 1744 3806 alibi.
1796 3740 1929 3832 Neque
1942 3756 1994 3805 ta·

337 3842 340 3850 '
475 3820 537 3908 05'3'
558 3817 766 3910 “flemen,
793 3850 833 3899 ut
858 3828 1028 3921 eleganter
1053 3848 1303 3899 commentatur
1326 3831 1479 3909 Grotius,
1514 3828 1549 3899 id
1571 3831 1756 3941 impediit,
1785 3831 1993 3940 quominus

476 3895 628 4049 :mx
654 3932 775 4005 Deus,
802 3922 889 4020 legis
906 3928 974 3994 suae
994 3914 1254 4017 dispensator&
1271 3922 1419 4005 arbiter,
1445 3925 1616 4037 interdum
1628 3951 1766 4023 prorum
1776 3928 1991 4035 patientiam>

475 4050 594 4108 mrum
653 4044 693 4095 ut
711 4022 787 4093 aliis
804 4015 1079 4099 adversitatibus,
1105 4020 1152 4092 ita
1173 4022 1210 4090 &
1229 4017 1482 4092 infaecunditate
1501 4046 1733 4119 experiretur3
1759 4042 1891 4111 masura
1907 4025 1994 4096 inte·

477 4125 605 4203 malfiae.
652 4122 718 4193 rim
736 4116 806 4189 illis
824 4115 916 4188 bona
937 4111 1094 4211 praestans
1113 4116 1201 4187 intra
1219 4116 1373 4187 animum
1396 4163 1407 4199 ,
1436 4143 1542 4215 quam
1556 4112 1693 4191 externa
1715 4140 1810 4191 erant
1830 4144 1912 4216 quae
1935 4142 1995 4193 ne·

650 4214 829 4316 gabantur.
880 4219 977 4286 Nota
1009 4208 1085 4284 sunt
1104 4209 1269 4286 sterilium
1291 4210 1507 4286 foeminarum
1529 4214 1708 4312 exempla,
1727 4220 1806 4288 Sara
1818 4261 1830 4296 ,
1852 4219 1993 4289 Manoae

650 4336 767 4400 ¹tutor,
795 4318 893 4384 Anna
905 4307 1162 4391 uxorEleanae,
1188 4309 1337 4407 aliaque.
1389 4312 1498 4400 Quod
1515 4311 1645 4407 probro
1658 4307 1832 4409 ipsrsverti
1846 4305 1992 4385 solebat.

647 4407 802 4511 Populus
819 4408 912 4482 enim
936 4430 980 4482 ex
999 4404 1101 4485 rebus
1114 4408 1273 4488 externis
1294 4410 1410 4484 curua
1427 4407 1649 4502 dijudicans,
1681 4409 1842 4507 quamvis
1863 4409 1901 4479 in
1924 4410 1993 4480 vica

1844 4498 1995 4605 ipsarum
