4667 5442
578 490 679 617 236
829 492 1544 635 Exercitatio
1611 488 1698 585 XI.

563 678 734 730 'currente
752 681 842 734 anno
861 653 1020 757 septimo.
1071 664 1189 757 Atque
1209 659 1256 731 ita
1273 654 1468 730 liberatusa
1486 652 1582 727 bello
1601 652 1853 734 Ptolomaeus,
1882 674 1939 724 oc·

579 749 653 826 cifis
676 757 829 853 Hyrcani
849 779 956 829 matre
973 780 1012 829 ac
1031 754 1210 837 fratribus,
1239 754 1328 852 fugit
1346 753 1390 825 ad
1406 758 1586 823 Zenonem
1611 751 1833 849 cognomine
1849 754 1938 844 aty-

580 849 667 931 lam,
693 853 855 949 quitum
878 851 971 949 apud
989 850 1258 947 Philadeipbenses
1281 845 1445 923 invaserat
1466 848 1698 947 tyrannidem.

376 963 534 1027 ⁴xxxvl.
679 950 857 1023 XXXVI.
884 950 956 1022 Sub
981 950 1132 1049 Hyrcani
1152 948 1254 1038 hujus
1303 947 1469 1041 rincipatu
1485 944 1684 1025 Antiochus,
1711 966 1936 1041 cognomen·

403 1039 549 1115 Multaque
582 1063 620 1116 to
641 1049 744 1126 Pius,
766 1045 896 1118 invadit
913 1045 1090 1143 Judaeam,
1115 1048 1152 1118 &
1176 974 1426 1138 merolalymam
1444 1036 1591 1137 septenis
1610 1039 1724 1114 castris
1745 1040 1884 1136 cingit:
1902 1061 1932 1112 at

397 1114 754 1252 s-'ffslssfflrogatusa
775 1141 907 1241 Judaeis
926 1188 938 1223 ‚
965 1167 1077 1239 quum
1095 1139 1216 1213 festum
1232 1137 1450 1235 scenopegias
1468 1131 1672 1218 advenisset,
1698 1158 1743 1209 ut
1760 1136 1842 1210 festi
1860 1159 1936 1235 gra·

364 1257 373 1264 ·
399 1210 437 1322 :ff
454 1230 536 1324 {pam
582 1237 630 1307 tia
647 1238 801 1310 inducias
819 1236 897 1335 ipsis
910 1234 1040 1335 septem
1053 1237 1187 1309 dierum
1202 1236 1425 1314 concederet,
1453 1233 1513 1304 reli
1541 1235 1620 1306 ione
1631 1254 1754 1306 motus
1768 1237 1935 1330 impetra·

401 1344 532 1417 dignam
581 1334 611 1404 ri
627 1358 682 1404 eas
702 1328 811 1430 pallus
832 1331 879 1407 est
905 1361 919 1420 3,
941 1355 1104 1431 praeterea
1123 1335 1160 1404 &
1175 1328 1245 1428 ipse
1268 1332 1424 1402 victimas
1455 1254 1545 1401 mist
1564 1324 1780 1425 magnifice,
1818 1352 1934 1403 tauros

401 1418 539 1497 “silw-
582 1433 708 1502 auratis
731 1430 916 1511 cornibus,
944 1434 981 1502 &
997 1430 1123 1526 pocula
1142 1452 1214 1501 tam
1232 1452 1332 1499 aurea
1377 1447 1457 1493 uam
1474 1446 1652 1523 argentea,
1680 1425 1811 1499 referta
1832 1450 1933 1499 omne

582 1549 692 1624 genus
714 1527 936 1599 aromatibus.
1023 1550 1065 1595 ua
1082 1526 1174 1623 regis
1200 1526 1327 1620 pietate
1346 1450 1534 1593 {bleonus
1554 1525 1768 1619 Hymnus,
1795 1523 1933 1621 legatos

584 1618 677 1696 misit
695 1647 815 1719 pacem
835 1645 992 1695 oraturos
1010 1648 1022 1708 3
1069 1630 1173 1702 uam,
1198 1620 1286 1692 datis
1306 1612 1505 1699 obsidibus,
1542 1619 1578 1689 &
1596 1616 1935 1718 talentisquingen·

585 1721 653 1799 ris,
681 1719 890 1815 impetravit.
943 1722 1012 1793 Hic
1030 1647 1076 1791 cll
1095 1716 1156 1789 ille
1182 1722 1386 1815 Hyrcanus,
1414 1715 1476 1807 qui
1496 1736 1615 1811 aperto
1634 1715 1784 1789 Davidis
1806 1740 1933 1789 monu-

584 1835 726 1895 mento,
753 1817 818 1887 tria
836 1814 948 1888 millia
959 1814 1168 1887 talentorum
1182 1813 1262 1886 inde
1281 1808 1602 1910 protulissefertur3
1627 1809 1759 1907 quibus
1775 1814 1932 1909 pecuniis

585 1911 717 1993 fretus,
744 1913 877 2007 primus
898 1914 1056 1984 omnium
1081 1932 1260 1983 externum
1279 1907 1429 1980 militem
1449 1907 1539 1979 alere
1568 1909 1696 2004 coepit,
1726 1909 1932 1983 melioribus

583 2032 691 2102 quarn
714 2009 815 2079 initio
831 2004 909 2080 usus
929 2003 1139 2083 successibus.
1189 2012 1284 2079 Nam
1301 2003 1460 2076 defuncto
1482 2001 1654 2077 Antiocho
1674 2051 1686 2086 ,
1713 2008 1858 2104 Syriam
1875 2004 1932 2077 ad·

583 2104 699 2185 flixit,
723 2109 875 2179 Idumaea
898 2109 939 2177 ad
956 2103 1211 2208 circaptistonem
1225 2101 1450 2199 [tiscr'piendam
1463 2102 1589 2194 adegit,
1611 2100 1767 2198 ternpltatt
1787 2104 1931 2178 Sanati-

584 2218 731 2274 tanovum
747 2202 785 2273 iri
801 2224 920 2274 monte
940 2204 1096 2282 Gariaim
1108 2199 1250 2282 evertit,
1278 2197 1451 2295 missisque
1463 2195 1507 2269 ad
1517 2201 1677 2278 Senatum
1689 2196 1833 2297 legatis,
1848 2200 1931 2273 arui·

585 2298 701 2372 citiam
724 2322 802 2369 cum
814 2297 949 2395 populo
965 2302 1148 2380 Romano,
1175 2295 1336 2394 optandis
1350 2294 1607 2366 conditionibus
1624 2293 1716 2368 fecit.
1771 2297 1930 2371 Eundem

584 2395 719 2467 Divino
730 2393 909 2504 dignatum
924 2389 986 2466 elle
999 2394 1181 2491 colloquio
1190 2391 1349 2487 josephus
1359 2392 1527 2465 memorat
1543 2396 1711 2489 Antiano
1724 2416 1930 2471 11.xv111.

548 2543 550 2548 -
585 2494 707 2562 Fertur
728 2515 819 2562 enrm
839 2492 936 2587 quod
954 2491 1015 2564 illa
1034 2486 1104 2589 ipsa
1118 2490 1175 2562 die
1192 2513 1260 2586 qua
1276 2483 1338 2561 filii
1358 2490 1430 2578 ejus
1450 2512 1591 2562 manum
1611 2513 1690 2563 cum
1701 2490 1932 2588 Antiochiq-

584 2590 698 2664 aiceno
715 2580 977 2670 conseruerunt,
1005 2586 1166 2662 Pontifex
1184 2581 1255 2684 ipse
1277 2581 1370 2658 solus
1393 2587 1429 2660 in
1446 2583 1579 2681 templo
1600 2584 1826 2661 adoramenta
1849 2588 1931 2661 ado·

585 2681 691 2763 lens,
717 2707 839 2754 vocem
857 2683 1049 2765 audiverit,
1075 2684 1294 2756 nuntiantem
1321 2677 1473 2755 filiorum
1498 2704 1667 2758 recentem
1690 2684 1735 2754 de
1756 2683 1931 2759 Antiocho

584 2777 791 2851 victoriam:
817 2778 924 2875 idque
941 2806 1026 2853 mox
1050 2805 1114 2877 pto
1140 2773 1242 2851 tellus
1254 2778 1502 2853 renunciaverit
1517 2778 1760 2856 multitudini:
1788 2782 1931 2884 &paul-

585 2870 624 2947 lo
644 2872 719 2970 post
739 2868 814 2971 ipso
837 2898 961 2948 eventu
980 2803 1245 2973 comprobatum
1266 2878 1339 2966 ejus
1361 2876 1540 2949 oraculum
1561 2870 1610 2950 srt.
1659 2884 1830 2953 Praeterea
1859 2903 1930 2954 tan·

586 2989 658 3041 tam
672 2974 788 3043 nasius
801 2966 894 3044 fuille
914 2972 1039 3047 dicitur
1061 2976 1255 3047 futurorum
1273 2968 1540 3071 prescientiam,
1567 2996 1607 3047 ut
1626 2974 1930 3072 praedixeritduot

585 3067 733 3157 majores
753 3090 867 3142 natue
886 3063 954 3143 suis
973 3069 1090 3145 liberis
1111 3096 1183 3145 non
1196 3070 1257 3142 diu
1279 3068 1352 3144 fore
1362 3072 1495 3169 paterni
1507 3063 1719 3170 principatus
1733 3097 1928 3174 compotes.

404 3143 568 3291 {dmm
682 3165 877 3239 XXXVll.
905 3171 1035 3241 Eorum
1052 3169 1225 3241 maximus
1244 3189 1326 3240 natu
1341 3168 1720 3251 Amsrorurusfuit,
1778 3172 1839 3258 ui,
1861 3177 1930 3246 An·

346 3281 350 3291 ·
402 3242 505 3374 pimus
525 3317 555 3355 ex
586 3284 633 3332 no
634 3259 728 3429 ‘post
746 3263 967 3359 ffletofirlymae
976 3265 1151 3338 excidium
1163 3289 1433 3340 cccctxxxvr.
1452 3289 1529 3339 ante
1541 3264 1668 3339 Christi
1678 3197 1833 3343 nata‘iem
1845 3269 1931 3344 Dio·

400 3391 480 3449 geme
490 3372 577 3440 Asine
585 3382 633 3456 ny
646 3382 762 3432 tanum
796 3386 876 3435 civ.
898 3364 1129 3459 principatum
1155 3363 1192 3435 in
1217 3363 1313 3461 regni
1337 3362 1482 3435 formam
1500 3384 1661 3446 vertens,
1690 3363 1858 3440 diadema
1872 3363 1931 3441 fibi

405 3468 464 3506 m
480 3448 555 3542 Rex,
584 3456 716 3551 primus
733 3455 910 3557 imposuit.
963 3464 1112 3531 Fratrem
1127 3454 1314 3533 secundum
1336 3465 1420 3535 Anti
1440 3485 1551 3535 onaan.
1577 3484 1682 3558 quenr
1704 3463 1872 3548 amabat,
1895 3464 1931 3538 iu

398 3522 549 3660 {fam
585 3548 782 3628 societatem
800 3555 1045 3627 dominationis
1059 3548 1228 3637 allumsrt,
1256 3580 1342 3628 mox
1358 3484 1446 3629 sauss
1472 3553 1719 3656 suspicionibus
1752 3558 1933 3636 dementa-

404 3670 642 3755 Μ,·,·,,,Ρ,’,,,ιιιε
663 3651 860 3733 interfecit,
887 3672 1028 3724 caeteros
1046 3674 1129 3723 vero
1148 3652 1185 3722 in
1197 3651 1354 3730 ‚vinculo
1371 3650 1493 3726 habuit
1511 3702 1523 3737 ,
1548 3677 1695 3728 matrem
1718 3658 1932 3760 principatus

405 3752 561 3831 obstita.
584 3747 771 3827 aemulam,
800 3746 836 3818 in
857 3770 1023 3820 carcerem
1042 3748 1253 3838 conjeilam,
1282 3748 1371 3821 fame
1399 3754 1542 3825 necavit.
1593 3757 1641 3825 At
1659 3753 1831 3826 continuo
1852 3779 1931 3830 eum

583 3843 738 3917 fraternae
752 3843 924 3940 imprimis
945 3844 1037 3916 necis
1052 3844 1252 3940 poenitentia
1269 3848 1373 3947 cepit.
1424 3852 1589 3936 Quaeres
1605 3849 1770 3922 morbum
1795 3852 1829 3924 ei
1849 3876 1931 3926 con·

584 3939 716 4011 ciliavit
734 3938 988 4035 gravissimum:
1014 3938 1099 4011 dum
1116 3940 1240 4013 fadum
1258 3936 1357 4016 suunr
1369 3941 1594 4020 indesinenter
1613 3944 1861 4026 detestaretur:
1887 3951 1932 4023 ite

583 4056 623 4129 ut
641 4031 814 4130 postremo
834 4030 1033 4133 sanguinem
1051 4061 1220 4111 vomeret.
1271 4043 1361 4113 Eum
1384 4041 1528 4138 quidam
1552 4068 1570 4112 e
1591 4039 1753 4114 ministris
1773 4037 1929 4130 efferens,

585 4124 634 4217 (o
647 4128 862 4296 providentia
880 4130 1045 4222 justilsrmi
1071 4136 1247 4230 numinis,
1274 4138 1311 4208 &
1332 4137 1458 4212 occulti
1477 4139 1630 4211 miranda
1650 4144 1810 4237 potentia
1824 4139 1930 4237 facil)

581 4248 647 4391 pro
662 4221 761 4322 apsus
780 4228 816 4299 in
833 4253 875 4300 eo
898 4225 972 4328 ipso
990 4229 1073 4303 loco
1102 4225 1224 4306 effudit
1245 4279 1256 4314 ,
1284 4235 1346 4329 qui
1365 4239 1522 4330 Antigoni
1539 4234 1641 4309 caedis
1660 4260 1803 4311 cruenta
1825 4237 1933 4314 habe·

610 4343 645 4392 at
667 4320 817 4423 vestigia.
867 4329 961 4399 Hinc
983 4330 1104 4426 ingens
1131 4354 1253 4401 eorum
1279 4332 1342 4427 qui
1361 4331 1517 4406 viderant
1541 4332 1671 4408 clamor
1689 4357 1835 4410 exortus
1855 4337 1933 4412 nri·

582 4413 712 4495 stobuli
729 4444 826 4498 aures
842 4426 1026 4525 perculisti
1051 4426 1115 4525 qui
1136 4421 1281 4503 mulsam
1300 4427 1461 4505 clamoris
1479 4425 1663 4508 sciscitatus
1680 4476 1694 4517 ,
1719 4455 1757 4507 re
1776 4437 1930 4540 cognita,

1274 4586 1278 4597 .
1847 4556 1932 4613 con·
