4667 5442
612 486 990 585 Hrsrotrr
1058 488 1627 590 Hrttosottna.
1702 513 1801 622 307

446 672 531 728 aar.
563 657 607 730 (t
628 652 837 729 mediocribm
857 654 962 747 major
979 650 1181 729 habereturt
1213 648 1355 741 robinus
1375 641 1444 746 fieb
1465 659 1631 754 exemplo;
1656 654 1800 732 membris

444 749 573 836 stolidae,
596 756 725 826 thorace
740 751 855 834 virili,
873 750 1099 843 facieventtlia
1120 806 1131 833 ,
1155 754 1270 849 capillo
1292 758 1334 829 (t
1355 751 1454 827 barba
1469 759 1665 829 mediocriter
1680 753 1799 848 flavi,

440 849 483 918 'in
501 846 557 936 ufic
570 872 753 929 armorum,
772 852 815 923 (a
830 852 989 923 exercitii
1008 848 1217 931 militaribm,
1241 856 1376 925 omnium
1393 853 1522 932 iudicio,
1548 858 1691 926 eximius.
1741 861 1800 926 ln-

449 937 542 1043 figne
561 945 667 1019 exstat
691 948 830 1019 Divinae
856 948 943 1021 circa
963 971 1043 1018 eum
1062 947 1291 1021 Providentiae
1319 952 1356 1020 dt
1376 944 1551 1048 singularis
1582 974 1671 1023 cutae
1690 940 1801 1021 docti-

448 1064 628 1128 mentum,
654 1043 774 1140 quod,
801 1068 914 1140 quum
935 1067 1095 1141 magnam
1107 1068 1187 1115 cum
1197 1046 1239 1116 iis
1249 1071 1328 1143 quae
1344 1048 1471 1118 Davidi
1484 1046 1569 1117 olim
1583 1048 1800 1144 contigerunt
1847 1136 1848 1139 Ἴ

448 1133 662 1213 adfinitatem
674 1139 825 1223 habeat,
853 1139 909 1213 hic
924 1164 1068 1307 guoque
1083 1144 1346 1214 memorandum
1371 1138 1496 1215 censui.
1545 1148 1644 1214 Dum
1661 1145 1696 1214 in
1716 1138 1798 1232 Pift.

449 1238 504 1305 dia
523 1262 614 1309 anno
640 1233 864 1310 nxcv11.se
886 1264 922 1311 re
947 1238 992 1310 cit
1015 1234 1286 1311 Christianorum
1305 1241 1425 1321 acies,
1454 1239 1680 1328 Gorbefiiduc,
1704 1262 1743 1310 ut
1761 1239 1797 1309 in

447 1328 635 1405 solitudine
650 1330 765 1408 secum
785 1338 823 1408 δε
851 1359 931 1408 cum
950 1339 1030 1404 Deo
1048 1334 1277 1428 loqueretur,
1303 1361 1397 1432 equo
1420 1335 1675 1418 obambulans,
1715 1333 1800 1408 tristi

399 1498 401 1504 .
447 1427 579 1518 ejulatu
595 1455 693 1503 aures
712 1429 805 1502 feriri
822 1426 932 1503 sensit.
983 1430 1124 1517 Accedit
1142 1431 1286 1528 propius
1308 1432 1467 1527 viditque
1482 1433 1699 1531 peregrinum
1716 1433 1797 1503 ino-

445 1549 530 1621 pem
548 1529 610 1623 qui
627 1523 793 1601 sarmenta
811 1526 1010 1625 congestum
1031 1523 1179 1623 egrellus
1201 1573 1212 1608 ,
1240 1529 1302 1600 vix
1324 1525 1385 1599 fibi
1409 1529 1451 1600 ab
1466 1529 1668 1601 imminente
1693 1525 1794 1610 urso,

447 1623 577 1695 circum
601 1626 740 1696 arbores
759 1621 947 1705 cursttans,
976 1632 1127 1696 cavebat.
1179 1628 1260 1695 Erat
1274 1648 1390 1696 autem
1411 1625 1648 1696 immanilltma
1662 1624 1794 1707 bellua,

447 1719 639 1793 multarum
657 1745 728 1794 non
773 1720 920 1795 ecudum
940 1720 1049 1791 modo
1072 1767 1083 1801 ‚
1120 1714 1179 1791 sed
1198 1722 1234 1790 δι
1252 1717 1426 1818 pastorum
1450 1721 1582 1819 strage,
1609 1745 1649 1794 ut
1668 1722 1795 1795 accolae

447 1818 715 1900 memorabant,
743 1746 987 1891 litrmidabilis.
1038 1818 1268 1905 Gothefridut,
1288 1842 1358 1913 qua
1383 1840 1454 1889 erat
1486 1822 1642 1914 pietate,
1671 1819 1796 1891 edulio

442 1913 571 2008 raptim
590 1914 731 2013 gladio,
757 1917 974 2012 incitatoque
992 1912 1177 1988 calcaribus
1195 1938 1313 2011 equo,
1342 1910 1475 1986 misello
1495 1915 1631 1988 homini
1644 1916 1793 1991 auxilia·

443 2028 520 2080 tum
543 2012 713 2086 advolat:
740 2013 777 2084 &
797 2011 945 2085 clamore
965 2013 1097 2109 ingenti
1116 2011 1311 2108 permedia
1331 2008 1486 2084 fruticeta
1505 2011 1695 2085 accelerans
1717 2039 1796 2086 cru·

444 2103 567 2180 delise
588 2108 677 2182 hosti
691 2109 823 2197 objicit.
875 2116 910 2181 Is
928 2109 1043 2182 relicta
1056 2109 1162 2205 priori
1176 2109 1309 2205 praeda,
1337 2103 1569 2180 &horrisono
1588 2107 1723 2182 fremitu
1736 2130 1794 2184 to·

443 2224 518 2275 tam
539 2205 608 2277 late
622 2203 923 2310 silvamgeplens,
949 2209 987 2277 in
1004 2232 1022 2275 e
1050 2230 1133 2276 uum
1154 2206 1332 2279 &ducem
1352 2206 1485 2278 fertur:
1513 2204 1652 2286 fauces,
1680 2226 1719 2277 ut
1738 2209 1795 2297 ju·

441 2301 562 2397 gulet,
590 2307 724 2401 aperit3
749 2324 863 2375 totum
884 2299 917 2375 se
933 2304 978 2375 ad
994 2230 1236 2383 reirstendum,
1263 2305 1337 2376 imo
1367 2303 1411 2374 ad
1431 2300 1699 2388 invadendum,
1726 2306 1794 2377 eri-

439 2399 521 2493 git3
544 2423 678 2498 ungues
690 2394 769 2471 suos
785 2401 992 2472 acutiffimos
1012 2398 1056 2470 ad
1068 2397 1269 2471 laniandum
1280 2395 1424 2483 exserit3
1449 2401 1793 2496 caput,1&anterio·

438 2519 479 2566 ra
500 2520 625 2580 crura,
651 2498 694 2569 ab
716 2498 785 2568 iou
816 2495 924 2593 gladii
945 2496 1130 2591 diligenter
1149 2520 1294 2578 cavens,
1324 2492 1523 2581 subtrahit,
1546 2518 1650 2592 atque
1669 2491 1792 2593 insigni

438 2594 564 2688 peritia
581 2618 703 2667 omnes
724 2594 833 2664 Ducis
852 2596 938 2665 ictus
959 2592 1132 2666 frustratur
1154 2618 1163 2666 t
1191 2594 1342 2689 denique
1365 2592 1538 2691 vaegrandi
1563 2594 1718 2690 corporis
1741 2590 1794 2667 sui

437 2689 538 2760 mole
558 2692 740 2787 &equum
766 2693 804 2761 &
823 2685 979 2762 seilorem
1004 2689 1131 2763 sternit.
1183 2694 1332 2789 Jamque
1359 2713 1482 2763 curvos
1507 2713 1639 2787 ungues
1667 2691 1794 2764 runica

438 2787 552 2858 Ducis
571 2782 758 2875 infixerat3
782 2813 821 2860 ac
849 2787 1073 2883 complexum
1100 2788 1285 2869 cruribus,
1314 2812 1406 2884 equo
1430 2786 1661 2868 devolutum,
1696 2787 1733 2859 in
1748 2811 1793 2860 ee

437 2905 512 2954 erat
529 2904 569 2955 ut
581 2884 765 2984 jugularet.
816 2890 856 2957 ln
869 2883 936 2957 hoc
946 2910 982 2956 re
1010 2886 1127 2956 entino
1144 2884 1186 2954 ab
1199 2909 1292 2981 equo
1303 2879 1421 2981 lapsu,
1448 2885 1486 2956 &
1500 2908 1579 2956 cum
1593 2879 1707 2956 insana
1717 2883 1794 2959 bel·

435 2977 498 3052 lua
517 2979 699 3053 lullamine
719 2983 938 3071 ,cathena
963 2909 1099 3077 gladius
1122 2981 1277 3054 cruribus
1306 2983 1379 3071 ejus
1406 2979 1597 3077 implicitus
1626 2979 1792 3078 explicari

437 3076 521 3149 inde
541 3102 612 3150 non
624 3081 767 3176 potuit,
795 3075 855 3151 nist
875 3075 959 3152 suris
976 3082 1013 3151 &
1034 3079 1148 3151 nervis
1172 3103 1309 3150 crurum
1329 3079 1425 3175 gravi
1443 3072 1604 3149 incistone
1620 3073 1791 3154 sauciatis·

436 3178 516 3247 Nec
536 3196 677 3256 tamen,
704 3175 785 3248 licet
800 3174 916 3273 largus
932 3175 1013 3246 inde
1030 3199 1131 3245 cruor
1154 3173 1329 3268 profluens
1353 3173 1529 3244 bellatoris
1555 3175 1644 3245 vires
1666 3172 1793 3245 admo-

437 3269 528 3342 dum
545 3272 798 3354 imminueret,
838 3273 967 3366 iniquae
993 3268 1119 3342 belluae
1149 3270 1267 3348 ceffit,
1297 3267 1429 3339 fortiter
1458 3268 1651 3350 dimicans,
1680 3268 1791 3346 donec

438 3391 485 3439 ex
505 3366 605 3440 sociis
627 3368 797 3463 quidam,
825 3368 1022 3456 Hasechinm
1041 3364 1206 3442 nomine,
1235 3366 1272 3434 &
1290 3359 1354 3433 urst
1367 3363 1504 3435 fremitu
1525 3367 1563 3437 δι
1582 3364 1714 3436 liberati
1727 3391 1791 3463 pe·

435 3464 566 3561 tegrini
579 3462 728 3536 clamore
746 3466 900 3545 accitus,
927 3464 963 3535 in
984 3460 1154 3533 auxilium
1177 3459 1310 3542 adfuit,
1338 3461 1400 3556 qui
1412 3459 1522 3532 stricto
1534 3460 1790 3536 mucronehor·

435 3560 577 3637 ribilem
605 3560 714 3633 feram
734 3563 885 3659 impetiit
907 3606 920 3645 ,
954 3562 992 3632 &
1013 3584 1106 3640 una,
1135 3581 1214 3632 cum
1240 3562 1338 3631 Duce
1361 3604 1371 3639 ,
1398 3558 1492 3649 jecut
1511 3558 1548 3630 δι
1567 3556 1673 3631 costas
1692 3560 1789 3634 illiue

434 3653 619 3732 transfixit.
670 3661 726 3731 Sic
745 3658 884 3732 tandem
904 3654 1104 3731 ferocillrma
1127 3653 1197 3727 fera
1216 3653 1404 3738 exstincta,
1440 3659 1526 3727 Dux
1539 3656 1691 3752 primum
1707 3655 1790 3730 vul·

436 3757 528 3829 neris
552 3752 703 3837 dolore,
731 3755 857 3827 deinde
876 3755 983 3827 nimia
1002 3749 1177 3852 sanguinis
1197 3743 1389 3834 effusione,
1418 3752 1522 3849 coepit
1533 3752 1650 3824 animo
1659 3752 1789 3851 linqui,

436 3858 477 3928 &
496 3852 598 3924 vultu
614 3847 809 3949 pallescere.
860 3851 968 3926 Unde
989 3852 1110 3947 ingens
1127 3844 1286 3922 universo
1307 3849 1472 3923 exercitui
1502 3842 1647 3922 incullus
1663 3873 1788 3935 terror,

437 3952 476 4023 in
494 3971 591 4022 tanto
618 3957 828 4046 Imperatore
854 3945 949 4021 suam
968 3946 1056 4019 trahi
1077 3948 1228 4018 animam
1254 3945 1338 4017 haut
1363 3945 1540 4043 immerito
1564 3945 1788 4021 existimanti·

438 4046 518 4119 bus.
567 4050 723 4118 Tantum
749 4044 891 4128 abfuit,
925 4046 1011 4142 quin
1039 4039 1149 4115 saevus
1181 4037 1276 4115 ursus
1303 4046 1414 4140 capite
1444 4034 1506 4115 suo
1528 4046 1788 4140 peregrinorum

435 4141 624 4244 phalanges
644 4143 830 4217 orbaverit.
880 4146 1013 4215 Verum
1026 4135 1149 4212 servari
1171 4144 1327 4237 oportuit
1372 4164 1451 4211 uem
1474 4160 1583 4235 regno
1605 4147 1670 4212 lata
1685 4139 1789 4214 delli-

436 4264 614 4315 naverant.
663 4242 734 4316 Hic
748 4264 832 4341 ergo
853 4243 934 4316 Rex
949 4235 1172 4319 declaratus,
1193 4259 1320 4310 corona
1339 4167 1485 4334 ipiinm
1513 4235 1610 4333 quod
1632 4236 1785 4320 volebat,

437 4337 484 4409 ad
501 4336 700 4436 exemplum
722 4335 883 4427 chtisti,
909 4329 1087 4438 instgnitus
1109 4330 1192 4418 est,
1216 4358 1308 4411 auno
1330 4332 1457 4413 christi
1475 4357 1634 4420 uxctx,
1663 4334 1719 4406 die
1740 4356 1787 4412 tx

433 4433 521 4519 Kal.
535 4439 629 4537 Aug.
1073 4532 1156 4634 Q
1183 4551 1210 4611 Ζ
1630 4487 1783 4613 ΜΠ.
