<?xml version="1.0" encoding="UTF-8"?>
<!DOCTYPE html PUBLIC "-//W3C//DTD XHTML 1.0 Transitional//EN"
    "http://www.w3.org/TR/xhtml1/DTD/xhtml1-transitional.dtd">
<html xmlns="http://www.w3.org/1999/xhtml" xml:lang="en" lang="en">
 <head>
  <title>
</title>
<meta http-equiv="Content-Type" content="text/html;charset=utf-8" />
  <meta name='ocr-system' content='tesseract 3.04.00' />
  <meta name='ocr-capabilities' content='ocr_page ocr_carea ocr_par ocr_line ocrx_word'/>
</head>
<body>
  <div class='ocr_page' id='page_1' title='image "./hermanniwitsiim01witsgoog/hermanniwitsiim01witsgoog_0502.png"; bbox 0 0 4667 5442; ppageno 0'>
   <div class='ocr_carea' id='block_1_1' title="bbox 503 495 1784 617">
    <p class='ocr_par' dir='ltr' id='par_1_1' title="bbox 503 495 1784 617">
     <span class='ocr_line' id='line_1_1' title="bbox 503 495 1784 617; baseline 0.001 -27"><span class='ocrx_word' id='word_1_1' title='bbox 503 496 581 591; x_wconf 79' lang='lat' dir='ltr'>Do</span> <span class='ocrx_word' id='word_1_2' title='bbox 608 495 981 588; x_wconf 64' lang='lat' dir='ltr'>Consoranni</span> <span class='ocrx_word' id='word_1_3' title='bbox 1009 522 1083 587; x_wconf 76' lang='lat' dir='ltr'><em>an</em></span> <span class='ocrx_word' id='word_1_4' title='bbox 1114 522 1333 611; x_wconf 66' lang='lat' dir='ltr'>unquam</span> <span class='ocrx_word' id='word_1_5' title='bbox 1364 522 1629 591; x_wconf 67' lang='lat' dir='ltr'><em>annania.</em></span> <span class='ocrx_word' id='word_1_6' title='bbox 1681 516 1784 617; x_wconf 86' lang='lat'>479</span> 
     </span>
    </p>
   </div>
   <div class='ocr_carea' id='block_1_2' title="bbox 433 652 1960 1602">
    <p class='ocr_par' dir='ltr' id='par_1_2' title="bbox 438 652 1784 1022">
     <span class='ocr_line' id='line_1_2' title="bbox 439 652 1784 757; baseline -0.004 -24"><span class='ocrx_word' id='word_1_7' title='bbox 439 654 511 734; x_wconf 84' lang='lat' dir='ltr'>suis</span> <span class='ocrx_word' id='word_1_8' title='bbox 525 661 589 733; x_wconf 90' lang='lat' dir='ltr'>rite</span> <span class='ocrx_word' id='word_1_9' title='bbox 609 657 775 757; x_wconf 83' lang='lat' dir='ltr'>defungi,</span> <span class='ocrx_word' id='word_1_10' title='bbox 803 655 961 754; x_wconf 87' lang='lat' dir='ltr'><strong>nihilque</strong></span> <span class='ocrx_word' id='word_1_11' title='bbox 983 657 1106 728; x_wconf 67' lang='lat' dir='ltr'>distare</span> <span class='ocrx_word' id='word_1_12' title='bbox 1133 652 1193 729; x_wconf 82' lang='lat' dir='ltr'>nist</span> <span class='ocrx_word' id='word_1_13' title='bbox 1220 657 1316 754; x_wconf 88' lang='lat' dir='ltr'>quod</span> <span class='ocrx_word' id='word_1_14' title='bbox 1341 652 1421 748; x_wconf 77' lang='lat' dir='ltr'>jussa</span> <span class='ocrx_word' id='word_1_15' title='bbox 1442 655 1501 748; x_wconf 84' lang='lat' dir='ltr'>est.</span> <span class='ocrx_word' id='word_1_16' title='bbox 1554 659 1646 744; x_wconf 85' lang='lat' dir='ltr'><strong>Quia</strong></span> <span class='ocrx_word' id='word_1_17' title='bbox 1670 680 1784 728; x_wconf 85' lang='lat' dir='ltr'>tamen</span> 
     </span>
     <span class='ocr_line' id='line_1_3' title="bbox 438 749 1784 852; baseline -0.004 -23"><span class='ocrx_word' id='word_1_18' title='bbox 438 760 510 829; x_wconf 86' lang='lat' dir='ltr'>Dei</span> <span class='ocrx_word' id='word_1_19' title='bbox 531 755 713 852; x_wconf 85' lang='lat' dir='ltr'>praetendit</span> <span class='ocrx_word' id='word_1_20' title='bbox 732 778 885 834; x_wconf 86' lang='lat' dir='ltr'>nomen,</span> <span class='ocrx_word' id='word_1_21' title='bbox 923 754 1033 826; x_wconf 87' lang='lat' dir='ltr'>donec</span> <span class='ocrx_word' id='word_1_22' title='bbox 1060 751 1188 825; x_wconf 87' lang='lat' dir='ltr'>constat</span> <span class='ocrx_word' id='word_1_23' title='bbox 1220 749 1301 825; x_wconf 79' lang='lat' dir='ltr'>saiso</span> <span class='ocrx_word' id='word_1_24' title='bbox 1325 752 1361 824; x_wconf 93' lang='lat' dir='ltr'>id</span> <span class='ocrx_word' id='word_1_25' title='bbox 1385 754 1577 850; x_wconf 84' lang='lat' dir='ltr'>praetendi,</span> <span class='ocrx_word' id='word_1_26' title='bbox 1604 754 1718 850; x_wconf 87' lang='lat' dir='ltr'><em>palam</em></span> <span class='ocrx_word' id='word_1_27' title='bbox 1738 750 1784 824; x_wconf 88' lang='lat' dir='ltr'>est</span> 
     </span>
     <span class='ocr_line' id='line_1_4' title="bbox 438 845 1784 1022; baseline -0.001 -100"><span class='ocrx_word' id='word_1_28' title='bbox 438 852 562 1022; x_wconf 61' lang='lat' dir='ltr'>priolati</span> <span class='ocrx_word' id='word_1_29' title='bbox 586 851 707 926; x_wconf 77' lang='lat' dir='ltr'>Divini</span> <span class='ocrx_word' id='word_1_30' title='bbox 725 849 892 924; x_wconf 85' lang='lat' dir='ltr'>Numinis</span> <span class='ocrx_word' id='word_1_31' title='bbox 907 874 1005 923; x_wconf 86' lang='lat' dir='ltr'>reum</span> <span class='ocrx_word' id='word_1_32' title='bbox 1026 845 1117 930; x_wconf 85' lang='lat' dir='ltr'>esse,</span> <span class='ocrx_word' id='word_1_33' title='bbox 1146 852 1207 946; x_wconf 89' lang='lat' dir='ltr'>qui</span> <span class='ocrx_word' id='word_1_34' title='bbox 1227 845 1439 925; x_wconf 87' lang='lat' dir='ltr'>conscientiae</span> <span class='ocrx_word' id='word_1_35' title='bbox 1459 845 1526 923; x_wconf 84' lang='lat' dir='ltr'>suae</span> <span class='ocrx_word' id='word_1_36' title='bbox 1544 849 1784 924; x_wconf 72' lang='lat' dir='ltr'>deaminire-</span> 
     </span>
    </p>

    <p class='ocr_par' dir='ltr' id='par_1_3' title="bbox 471 971 602 1021">
     <span class='ocr_line' id='line_1_5' title="bbox 471 971 602 1021; baseline -0.008 0"><span class='ocrx_word' id='word_1_37' title='bbox 471 971 602 1021; x_wconf 88' lang='lat' dir='ltr'>aatur.</span> 
     </span>
    </p>

    <p class='ocr_par' dir='ltr' id='par_1_4' title="bbox 433 971 1960 1602">
     <span class='ocr_line' id='line_1_6' title="bbox 486 971 1926 1144; baseline 0.001 -32"><span class='ocrx_word' id='word_1_38' title='bbox 486 971 513 1112; x_wconf 59' lang='grc' dir='ltr'>,ε</span> <span class='ocrx_word' id='word_1_39' title='bbox 539 1047 711 1118; x_wconf 84' lang='lat' dir='ltr'><strong>XXXIII.</strong></span> <span class='ocrx_word' id='word_1_40' title='bbox 737 1048 899 1144; x_wconf 83' lang='lat' dir='ltr'>Denique</span> <span class='ocrx_word' id='word_1_41' title='bbox 917 1044 954 1118; x_wconf 92' lang='lat' dir='ltr'>id</span> <span class='ocrx_word' id='word_1_42' title='bbox 971 1067 1114 1141; x_wconf 90' lang='lat' dir='ltr'>quoque</span> <span class='ocrx_word' id='word_1_43' title='bbox 1135 1041 1259 1117; x_wconf 85' lang='lat' dir='ltr'>alicubi</span> <span class='ocrx_word' id='word_1_44' title='bbox 1280 1045 1420 1116; x_wconf 90' lang='lat' dir='ltr'>invenio</span> <span class='ocrx_word' id='word_1_45' title='bbox 1443 1071 1451 1116; x_wconf 78' lang='grc' dir='ltr'><strong>ε</strong></span> <span class='ocrx_word' id='word_1_46' title='bbox 1488 1047 1589 1119; x_wconf 84' lang='lat' dir='ltr'>Error</span> <span class='ocrx_word' id='word_1_47' title='bbox 1611 1047 1696 1118; x_wconf 89' lang='lat' dir='ltr'>circa</span> <span class='ocrx_word' id='word_1_48' title='bbox 1718 1039 1926 1138; x_wconf 69' lang='lat' dir='ltr'>ipsaxxxm,</span> 
     </span>
     <span class='ocr_line' id='line_1_7' title="bbox 435 1138 1924 1240; baseline -0.003 -25"><span class='ocrx_word' id='word_1_49' title='bbox 435 1143 597 1240; x_wconf 85' lang='lat' dir='ltr'>principia</span> <span class='ocrx_word' id='word_1_50' title='bbox 615 1146 690 1215; x_wconf 86' lang='lat' dir='ltr'>veri</span> <span class='ocrx_word' id='word_1_51' title='bbox 700 1144 745 1216; x_wconf 56' lang='lat' dir='ltr'>ei</span> <span class='ocrx_word' id='word_1_52' title='bbox 762 1139 835 1216; x_wconf 87' lang='lat' dir='ltr'>boni</span> <span class='ocrx_word' id='word_1_53' title='bbox 854 1166 914 1217; x_wconf 91' lang='lat' dir='ltr'>non</span> <span class='ocrx_word' id='word_1_54' title='bbox 932 1146 1030 1234; x_wconf 82' lang='lat' dir='ltr'><em>magio</em></span> <span class='ocrx_word' id='word_1_55' title='bbox 1042 1139 1229 1230; x_wconf 81' lang='lat' dir='ltr'>conscientia</span> <span class='ocrx_word' id='word_1_56' title='bbox 1241 1138 1382 1213; x_wconf 79' lang='lat' dir='ltr'><em>adtribui</em></span> <span class='ocrx_word' id='word_1_57' title='bbox 1404 1138 1524 1221; x_wconf 82' lang='lat' dir='ltr'>debet,</span> <span class='ocrx_word' id='word_1_58' title='bbox 1546 1165 1639 1238; x_wconf 88' lang='lat' dir='ltr'><em>qnam</em></span> <span class='ocrx_word' id='word_1_59' title='bbox 1655 1145 1841 1238; x_wconf 62' lang='lat' dir='ltr'>peroret-Ap</span> <span class='ocrx_word' id='word_1_60' title='bbox 1854 1140 1924 1198; x_wconf 71' lang='lat' dir='ltr'>note</span> 
     </span>
     <span class='ocr_line' id='line_1_8' title="bbox 434 1224 1910 1335; baseline -0.002 -25"><span class='ocrx_word' id='word_1_61' title='bbox 434 1240 475 1329; x_wconf 75' lang='lat' dir='ltr'><em>sa</em></span> <span class='ocrx_word' id='word_1_62' title='bbox 489 1234 674 1335; x_wconf 77' lang='lat' dir='ltr'><em>approbatio</em></span> <span class='ocrx_word' id='word_1_63' title='bbox 704 1235 903 1329; x_wconf 77' lang='lat' dir='ltr'>infandorum</span> <span class='ocrx_word' id='word_1_64' title='bbox 923 1241 1089 1310; x_wconf 82' lang='lat' dir='ltr'>eriminum</span> <span class='ocrx_word' id='word_1_65' title='bbox 1110 1242 1142 1308; x_wconf 89' lang='lat' dir='ltr'>in</span> <span class='ocrx_word' id='word_1_66' title='bbox 1164 1233 1340 1333; x_wconf 77' lang='lat' dir='ltr'>gentilibus</span> <span class='ocrx_word' id='word_1_67' title='bbox 1360 1240 1422 1310; x_wconf 85' lang='lat' dir='ltr'>dici</span> <span class='ocrx_word' id='word_1_68' title='bbox 1440 1234 1531 1309; x_wconf 82' lang='lat' dir='ltr'>debet</span> <span class='ocrx_word' id='word_1_69' title='bbox 1554 1256 1630 1332; x_wconf 81' lang='lat' dir='ltr'><em>oput</em></span> <span class='ocrx_word' id='word_1_70' title='bbox 1651 1237 1726 1332; x_wconf 83' lang='lat' dir='ltr'>legit</span> <span class='ocrx_word' id='word_1_71' title='bbox 1741 1224 1910 1312; x_wconf 66' lang='lat' dir='ltr'>ind¹‘⁴&#39;!⁶&#39;’</span> 
     </span>
     <span class='ocr_line' id='line_1_9' title="bbox 433 1293 1930 1432; baseline -0.005 -22"><span class='ocrx_word' id='word_1_72' title='bbox 433 1335 590 1431; x_wconf 78' lang='lat' dir='ltr'>scriptam</span> <span class='ocrx_word' id='word_1_73' title='bbox 608 1331 750 1407; x_wconf 74' lang='lat' dir='ltr'>cordibae</span> <span class='ocrx_word' id='word_1_74' title='bbox 764 1334 909 1429; x_wconf 65' lang='lat' dir='ltr'>ipsorum,</span> <span class='ocrx_word' id='word_1_75' title='bbox 958 1337 1018 1408; x_wconf 90' lang='lat' dir='ltr'>Uti</span> <span class='ocrx_word' id='word_1_76' title='bbox 1031 1339 1064 1406; x_wconf 91' lang='lat' dir='ltr'>in</span> <span class='ocrx_word' id='word_1_77' title='bbox 1083 1332 1208 1408; x_wconf 76' lang='lat' dir='ltr'>artibus</span> <span class='ocrx_word' id='word_1_78' title='bbox 1226 1335 1391 1428; x_wconf 80' lang='lat' dir='ltr'>certiffimia</span> <span class='ocrx_word' id='word_1_79' title='bbox 1411 1388 1422 1414; x_wconf 89' lang='lat'>‚</span> <span class='ocrx_word' id='word_1_80' title='bbox 1441 1352 1522 1429; x_wconf 83' lang='lat' dir='ltr'><em>puta</em></span> <span class='ocrx_word' id='word_1_81' title='bbox 1548 1293 1930 1432; x_wconf 52' lang='lat' dir='ltr'>Geometricen,{{ffi“„&#39;2&#39;„</span> 
     </span>
     <span class='ocr_line' id='line_1_10' title="bbox 440 1425 1960 1528; baseline -0.003 -23"><span class='ocrx_word' id='word_1_82' title='bbox 440 1432 497 1505; x_wconf 81' lang='lat' dir='ltr'>vel</span> <span class='ocrx_word' id='word_1_83' title='bbox 508 1432 739 1505; x_wconf 83' lang='lat' dir='ltr'>Aritbmeticen</span> <span class='ocrx_word' id='word_1_84' title='bbox 752 1486 762 1512; x_wconf 90' lang='lat'><em>‚</em></span> <span class='ocrx_word' id='word_1_85' title='bbox 775 1430 873 1522; x_wconf 75' lang='lat' dir='ltr'>fhciie</span> <span class='ocrx_word' id='word_1_86' title='bbox 889 1428 930 1513; x_wconf 72' lang='lat' dir='ltr'>est</span> <span class='ocrx_word' id='word_1_87' title='bbox 942 1450 978 1501; x_wconf 85' lang='lat' dir='ltr'>nt</span> <span class='ocrx_word' id='word_1_88' title='bbox 996 1436 1064 1528; x_wconf 75' lang='lat' dir='ltr'>quis</span> <span class='ocrx_word' id='word_1_89' title='bbox 1074 1450 1132 1525; x_wconf 87' lang='lat' dir='ltr'>per</span> <span class='ocrx_word' id='word_1_90' title='bbox 1142 1455 1280 1503; x_wconf 87' lang='lat' dir='ltr'>errorem</span> <span class='ocrx_word' id='word_1_91' title='bbox 1297 1428 1487 1515; x_wconf 69' lang='lat' dir='ltr'>existimatio</span> <span class='ocrx_word' id='word_1_92' title='bbox 1501 1428 1577 1503; x_wconf 84' lang='lat' dir='ltr'>bene</span> <span class='ocrx_word' id='word_1_93' title='bbox 1595 1425 1960 1523; x_wconf 68' lang='lat' dir='ltr'>mensurassemgnm·</span> 
     </span>
     <span class='ocr_line' id='line_1_11' title="bbox 441 1522 1917 1602; baseline -0.001 -2"><span class='ocrx_word' id='word_1_94' title='bbox 441 1551 619 1602; x_wconf 84' lang='lat' dir='ltr'>nontamen</span> <span class='ocrx_word' id='word_1_95' title='bbox 639 1530 751 1602; x_wconf 83' lang='lat' dir='ltr'>idcireo</span> <span class='ocrx_word' id='word_1_96' title='bbox 771 1547 859 1599; x_wconf 85' lang='lat' dir='ltr'>errat</span> <span class='ocrx_word' id='word_1_97' title='bbox 880 1531 1075 1600; x_wconf 81' lang='lat' dir='ltr'>Geometrice</span> <span class='ocrx_word' id='word_1_98' title='bbox 1095 1526 1148 1598; x_wconf 86' lang='lat' dir='ltr'>vei</span> <span class='ocrx_word' id='word_1_99' title='bbox 1164 1528 1385 1599; x_wconf 78' lang='lat' dir='ltr'>Arititmetiee.</span> <span class='ocrx_word' id='word_1_100' title='bbox 1435 1532 1609 1598; x_wconf 85' lang='lat' dir='ltr'>Caeterum</span> <span class='ocrx_word' id='word_1_101' title='bbox 1632 1522 1712 1598; x_wconf 78' lang='lat' dir='ltr'>sica</span> <span class='ocrx_word' id='word_1_102' title='bbox 1732 1549 1821 1596; x_wconf 77' lang='lat' dir='ltr'>ra-re</span> <span class='ocrx_word' id='word_1_103' title='bbox 1837 1542 1917 1599; x_wconf 79' lang='lat' dir='ltr'><em>quan</em></span> 
     </span>
    </p>
   </div>
   <div class='ocr_carea' id='block_1_3' title="bbox 442 1594 1944 1721">
    <p class='ocr_par' dir='ltr' id='par_1_5' title="bbox 442 1594 1944 1721">
     <span class='ocr_line' id='line_1_12' title="bbox 442 1594 1944 1721; baseline -0.008 -24"><span class='ocrx_word' id='word_1_104' title='bbox 442 1626 495 1697; x_wconf 88' lang='lat' dir='ltr'>tio</span> <span class='ocrx_word' id='word_1_105' title='bbox 519 1624 713 1721; x_wconf 87' lang='lat' dir='ltr'>quidquam</span> <span class='ocrx_word' id='word_1_106' title='bbox 732 1624 866 1706; x_wconf 87' lang='lat' dir='ltr'>valeat,</span> <span class='ocrx_word' id='word_1_107' title='bbox 893 1621 1093 1696; x_wconf 89' lang='lat' dir='ltr'>conscientia</span> <span class='ocrx_word' id='word_1_108' title='bbox 1114 1646 1183 1694; x_wconf 94' lang='lat' dir='ltr'>non</span> <span class='ocrx_word' id='word_1_109' title='bbox 1208 1620 1254 1694; x_wconf 90' lang='lat' dir='ltr'>est</span> <span class='ocrx_word' id='word_1_110' title='bbox 1275 1618 1512 1694; x_wconf 81' lang='lat' dir='ltr'>consideranda</span> <span class='ocrx_word' id='word_1_111' title='bbox 1532 1645 1570 1692; x_wconf 91' lang='lat' dir='ltr'>ut</span> <span class='ocrx_word' id='word_1_112' title='bbox 1585 1622 1702 1718; x_wconf 87' lang='lat' dir='ltr'>aliqua</span> <span class='ocrx_word' id='word_1_113' title='bbox 1719 1594 1944 1692; x_wconf 57' lang='lat' dir='ltr'>ho-A&#39;f&#39;i’mi&#39;</span> 
     </span>
    </p>
   </div>
   <div class='ocr_carea' id='block_1_4' title="bbox 442 1691 1965 3820">
    <p class='ocr_par' dir='ltr' id='par_1_6' title="bbox 442 1691 1937 2106">
     <span class='ocr_line' id='line_1_13' title="bbox 445 1691 1937 1817; baseline -0.003 -25"><span class='ocrx_word' id='word_1_114' title='bbox 445 1722 549 1792; x_wconf 92' lang='lat' dir='ltr'>minis</span> <span class='ocrx_word' id='word_1_115' title='bbox 560 1716 719 1809; x_wconf 62' lang='lat' dir='ltr'>fortuitas,</span> <span class='ocrx_word' id='word_1_116' title='bbox 745 1716 803 1790; x_wconf 94' lang='lat' dir='ltr'>sed</span> <span class='ocrx_word' id='word_1_117' title='bbox 825 1719 959 1791; x_wconf 90' lang='lat' dir='ltr'>notabit</span> <span class='ocrx_word' id='word_1_118' title='bbox 978 1724 1143 1791; x_wconf 83' lang='lat' dir='ltr'><em>axiomata</em></span> <span class='ocrx_word' id='word_1_119' title='bbox 1157 1743 1175 1787; x_wconf 87' lang='lat' dir='ltr'><em>a</em></span> <span class='ocrx_word' id='word_1_120' title='bbox 1190 1723 1267 1787; x_wconf 89' lang='lat' dir='ltr'>Deo</span> <span class='ocrx_word' id='word_1_121' title='bbox 1287 1720 1393 1788; x_wconf 89' lang='lat' dir='ltr'>menti</span> <span class='ocrx_word' id='word_1_122' title='bbox 1406 1716 1691 1799; x_wconf 88' lang='lat' dir='ltr'>humanaeindita,</span> <span class='ocrx_word' id='word_1_123' title='bbox 1704 1691 1937 1817; x_wconf 43' lang='lat' dir='ltr'>erit-3523.</span> 
     </span>
     <span class='ocr_line' id='line_1_14' title="bbox 446 1809 1846 1913; baseline 0.004 -28"><span class='ocrx_word' id='word_1_124' title='bbox 446 1840 516 1912; x_wconf 89' lang='lat' dir='ltr'>que</span> <span class='ocrx_word' id='word_1_125' title='bbox 533 1812 603 1913; x_wconf 87' lang='lat' dir='ltr'><em>ipsa</em></span> <span class='ocrx_word' id='word_1_126' title='bbox 620 1817 687 1885; x_wconf 91' lang='lat' dir='ltr'>Dei</span> <span class='ocrx_word' id='word_1_127' title='bbox 697 1816 752 1886; x_wconf 84' lang='lat' dir='ltr'>lex</span> <span class='ocrx_word' id='word_1_128' title='bbox 770 1815 930 1889; x_wconf 85' lang='lat' dir='ltr'>cordibus</span> <span class='ocrx_word' id='word_1_129' title='bbox 954 1814 1133 1887; x_wconf 88' lang='lat' dir='ltr'>hominum</span> <span class='ocrx_word' id='word_1_130' title='bbox 1155 1810 1324 1909; x_wconf 84' lang='lat' dir='ltr'>inscripta.</span> <span class='ocrx_word' id='word_1_131' title='bbox 1375 1818 1460 1885; x_wconf 88' lang='lat' dir='ltr'>Sane</span> <span class='ocrx_word' id='word_1_132' title='bbox 1478 1809 1521 1887; x_wconf 83' lang='lat' dir='ltr'>stc</span> <span class='ocrx_word' id='word_1_133' title='bbox 1544 1812 1661 1887; x_wconf 86' lang='lat' dir='ltr'>definit</span> <span class='ocrx_word' id='word_1_134' title='bbox 1680 1818 1782 1885; x_wconf 89' lang='lat' dir='ltr'>toties</span> <span class='ocrx_word' id='word_1_135' title='bbox 1792 1852 1846 1891; x_wconf 78' lang='lat' dir='ltr'>an.</span> 
     </span>
     <span class='ocr_line' id='line_1_15' title="bbox 442 1908 1784 2008; baseline -0.001 -23"><span class='ocrx_word' id='word_1_136' title='bbox 442 1911 602 1986; x_wconf 88' lang='lat' dir='ltr'>laudatus</span> <span class='ocrx_word' id='word_1_137' title='bbox 614 1917 802 2007; x_wconf 80' lang='lat' dir='ltr'>interpres:</span> <span class='ocrx_word' id='word_1_138' title='bbox 828 1911 1023 2000; x_wconf 75' lang='lat' dir='ltr'>Conscientia</span> <span class='ocrx_word' id='word_1_139' title='bbox 1035 1909 1076 1995; x_wconf 75' lang='lat' dir='ltr'>est</span> <span class='ocrx_word' id='word_1_140' title='bbox 1089 1936 1125 1982; x_wconf 90' lang='lat' dir='ltr'>ea</span> <span class='ocrx_word' id='word_1_141' title='bbox 1136 1908 1442 1999; x_wconf 74' lang='lat' dir='ltr'>itfitahominiiux,</span> <span class='ocrx_word' id='word_1_142' title='bbox 1467 1936 1509 1982; x_wconf 91' lang='lat' dir='ltr'><em>an</em></span> <span class='ocrx_word' id='word_1_143' title='bbox 1523 1913 1599 1993; x_wconf 80' lang='lat' dir='ltr'>tex,</span> <span class='ocrx_word' id='word_1_144' title='bbox 1621 1931 1784 2008; x_wconf 84' lang='lat' dir='ltr'><em>perquam</em></span> 
     </span>
     <span class='ocr_line' id='line_1_16' title="bbox 443 2004 1785 2106; baseline -0.001 -26"><span class='ocrx_word' id='word_1_145' title='bbox 443 2006 596 2103; x_wconf 79' lang='lat' dir='ltr'><em>cognoscit</em></span> <span class='ocrx_word' id='word_1_146' title='bbox 613 2012 723 2080; x_wconf 89' lang='lat' dir='ltr'>Deum</span> <span class='ocrx_word' id='word_1_147' title='bbox 742 2061 753 2087; x_wconf 92' lang='lat'>,</span> <span class='ocrx_word' id='word_1_148' title='bbox 786 2033 824 2080; x_wconf 89' lang='lat' dir='ltr'>ac</span> <span class='ocrx_word' id='word_1_149' title='bbox 839 2033 903 2106; x_wconf 82' lang='lat' dir='ltr'>quo</span> <span class='ocrx_word' id='word_1_150' title='bbox 921 2007 1089 2095; x_wconf 74' lang='lat' dir='ltr'>secundnm</span> <span class='ocrx_word' id='word_1_151' title='bbox 1108 2009 1276 2100; x_wconf 84' lang='lat' dir='ltr'><em>imaginem</em></span> <span class='ocrx_word' id='word_1_152' title='bbox 1301 2010 1392 2089; x_wconf 88' lang='lat' dir='ltr'>Dei,</span> <span class='ocrx_word' id='word_1_153' title='bbox 1428 2011 1472 2082; x_wconf 68' lang='lat'>&amp;⁸</span> <span class='ocrx_word' id='word_1_154' title='bbox 1489 2026 1599 2082; x_wconf 78' lang='lat' dir='ltr'>contta</span> <span class='ocrx_word' id='word_1_155' title='bbox 1618 2032 1688 2080; x_wconf 88' lang='lat' dir='ltr'>eam</span> <span class='ocrx_word' id='word_1_156' title='bbox 1702 2004 1785 2096; x_wconf 76' lang='lat' dir='ltr'><em>sunt.</em></span> 
     </span>
    </p>

    <p class='ocr_par' dir='ltr' id='par_1_7' title="bbox 444 2101 1785 2201">
     <span class='ocr_line' id='line_1_17' title="bbox 444 2101 1785 2201; baseline -0.001 -24"><span class='ocrx_word' id='word_1_157' title='bbox 444 2103 502 2177; x_wconf 83' lang='lat' dir='ltr'>nd</span> <span class='ocrx_word' id='word_1_158' title='bbox 523 2128 557 2177; x_wconf 81' lang='lat'>2.</span> <span class='ocrx_word' id='word_1_159' title='bbox 569 2107 653 2175; x_wconf 87' lang='lat' dir='ltr'>Cor.</span> <span class='ocrx_word' id='word_1_160' title='bbox 678 2126 733 2178; x_wconf 92' lang='lat'>11.</span> <span class='ocrx_word' id='word_1_161' title='bbox 751 2108 793 2190; x_wconf 59' lang='lat'>5.</span> <span class='ocrx_word' id='word_1_162' title='bbox 811 2129 943 2179; x_wconf 76' lang='lat' dir='ltr'>oxxrr.</span> <span class='ocrx_word' id='word_1_163' title='bbox 997 2104 1150 2175; x_wconf 85' lang='lat' dir='ltr'>Huccine</span> <span class='ocrx_word' id='word_1_164' title='bbox 1170 2124 1252 2199; x_wconf 83' lang='lat' dir='ltr'>ergo</span> <span class='ocrx_word' id='word_1_165' title='bbox 1272 2102 1397 2175; x_wconf 89' lang='lat' dir='ltr'>redibit</span> <span class='ocrx_word' id='word_1_166' title='bbox 1413 2125 1486 2175; x_wconf 88' lang='lat' dir='ltr'><em>tota</em></span> <span class='ocrx_word' id='word_1_167' title='bbox 1505 2101 1714 2201; x_wconf 84' lang='lat' dir='ltr'>disputatio,</span> <span class='ocrx_word' id='word_1_168' title='bbox 1743 2129 1785 2175; x_wconf 89' lang='lat' dir='ltr'><em>an</em></span> 
     </span>
    </p>

    <p class='ocr_par' dir='ltr' id='par_1_8' title="bbox 443 2196 1783 2295">
     <span class='ocr_line' id='line_1_18' title="bbox 443 2196 1783 2295; baseline -0.003 -21"><span class='ocrx_word' id='word_1_169' title='bbox 443 2204 521 2274; x_wconf 88' lang='lat' dir='ltr'>Lex</span> <span class='ocrx_word' id='word_1_170' title='bbox 543 2198 609 2270; x_wconf 92' lang='lat' dir='ltr'>Dei</span> <span class='ocrx_word' id='word_1_171' title='bbox 633 2196 844 2272; x_wconf 82' lang='lat' dir='ltr'>conscientiae</span> <span class='ocrx_word' id='word_1_172' title='bbox 865 2197 1029 2295; x_wconf 85' lang='lat' dir='ltr'>insculpta</span> <span class='ocrx_word' id='word_1_173' title='bbox 1047 2224 1199 2295; x_wconf 91' lang='lat' dir='ltr'>unquam</span> <span class='ocrx_word' id='word_1_174' title='bbox 1218 2198 1357 2272; x_wconf 83' lang='lat' dir='ltr'>inducat</span> <span class='ocrx_word' id='word_1_175' title='bbox 1375 2199 1551 2273; x_wconf 91' lang='lat' dir='ltr'>hominem</span> <span class='ocrx_word' id='word_1_176' title='bbox 1563 2203 1596 2272; x_wconf 91' lang='lat' dir='ltr'>in</span> <span class='ocrx_word' id='word_1_177' title='bbox 1612 2197 1783 2273; x_wconf 63' lang='lat' dir='ltr'>errorem?</span> 
     </span>
    </p>

    <p class='ocr_par' dir='ltr' id='par_1_9' title="bbox 444 2292 1787 2488">
     <span class='ocr_line' id='line_1_19' title="bbox 444 2292 1784 2392; baseline -0.003 -23"><span class='ocrx_word' id='word_1_178' title='bbox 444 2302 493 2369; x_wconf 83' lang='lat' dir='ltr'>At</span> <span class='ocrx_word' id='word_1_179' title='bbox 509 2297 588 2392; x_wconf 90' lang='lat' dir='ltr'>quis</span> <span class='ocrx_word' id='word_1_180' title='bbox 605 2295 649 2366; x_wconf 90' lang='lat' dir='ltr'>de</span> <span class='ocrx_word' id='word_1_181' title='bbox 666 2321 708 2366; x_wconf 92' lang='lat' dir='ltr'>eo</span> <span class='ocrx_word' id='word_1_182' title='bbox 731 2295 902 2368; x_wconf 89' lang='lat' dir='ltr'>dubitavit</span> <span class='ocrx_word' id='word_1_183' title='bbox 921 2295 1117 2368; x_wconf 88' lang='lat' dir='ltr'>mortalium</span> <span class='ocrx_word' id='word_1_184' title='bbox 1136 2292 1150 2364; x_wconf 78' lang='lat' dir='ltr'>i</span> <span class='ocrx_word' id='word_1_185' title='bbox 1178 2298 1326 2367; x_wconf 89' lang='lat' dir='ltr'>Tantine</span> <span class='ocrx_word' id='word_1_186' title='bbox 1353 2298 1479 2369; x_wconf 90' lang='lat' dir='ltr'>idcirco</span> <span class='ocrx_word' id='word_1_187' title='bbox 1507 2297 1672 2369; x_wconf 89' lang='lat' dir='ltr'>movendi</span> <span class='ocrx_word' id='word_1_188' title='bbox 1692 2293 1784 2366; x_wconf 85' lang='lat' dir='ltr'>fuere</span> 
     </span>
     <span class='ocr_line' id='line_1_20' title="bbox 444 2389 1787 2488; baseline -0.001 -23"><span class='ocrx_word' id='word_1_189' title='bbox 444 2392 588 2473; x_wconf 62' lang='lat' dir='ltr'>finitus,</span> <span class='ocrx_word' id='word_1_190' title='bbox 616 2412 656 2464; x_wconf 91' lang='lat' dir='ltr'>ut</span> <span class='ocrx_word' id='word_1_191' title='bbox 672 2390 758 2465; x_wconf 89' lang='lat' dir='ltr'>nihii</span> <span class='ocrx_word' id='word_1_192' title='bbox 770 2393 936 2466; x_wconf 87' lang='lat' dir='ltr'>diceretur</span> <span class='ocrx_word' id='word_1_193' title='bbox 957 2439 967 2473; x_wconf 96' lang='lat'>,</span> <span class='ocrx_word' id='word_1_194' title='bbox 998 2389 1057 2464; x_wconf 82' lang='lat' dir='ltr'>nist</span> <span class='ocrx_word' id='word_1_195' title='bbox 1077 2389 1175 2486; x_wconf 87' lang='lat' dir='ltr'>quod</span> <span class='ocrx_word' id='word_1_196' title='bbox 1194 2391 1362 2465; x_wconf 89' lang='lat' dir='ltr'>creditum</span> <span class='ocrx_word' id='word_1_197' title='bbox 1374 2392 1572 2488; x_wconf 66' lang='lat' dir='ltr'>diaumque</span> <span class='ocrx_word' id='word_1_198' title='bbox 1591 2392 1638 2465; x_wconf 88' lang='lat' dir='ltr'>est</span> <span class='ocrx_word' id='word_1_199' title='bbox 1653 2392 1695 2464; x_wconf 90' lang='lat' dir='ltr'>ab</span> <span class='ocrx_word' id='word_1_200' title='bbox 1708 2417 1787 2465; x_wconf 91' lang='lat' dir='ltr'>om·</span> 
     </span>
    </p>

    <p class='ocr_par' dir='ltr' id='par_1_10' title="bbox 444 2486 1627 2586">
     <span class='ocr_line' id='line_1_21' title="bbox 444 2486 1627 2586; baseline -0.003 -24"><span class='ocrx_word' id='word_1_201' title='bbox 444 2489 574 2562; x_wconf 70' lang='lat' dir='ltr'>nibus?</span> <span class='ocrx_word' id='word_1_202' title='bbox 600 2488 750 2584; x_wconf 88' lang='lat' dir='ltr'>&amp;quod</span> <span class='ocrx_word' id='word_1_203' title='bbox 771 2490 838 2560; x_wconf 91' lang='lat' dir='ltr'>dici</span> <span class='ocrx_word' id='word_1_204' title='bbox 856 2514 899 2562; x_wconf 90' lang='lat' dir='ltr'>ex</span> <span class='ocrx_word' id='word_1_205' title='bbox 915 2490 957 2560; x_wconf 92' lang='lat' dir='ltr'>iis</span> <span class='ocrx_word' id='word_1_206' title='bbox 972 2513 1051 2585; x_wconf 86' lang='lat' dir='ltr'>quae</span> <span class='ocrx_word' id='word_1_207' title='bbox 1072 2488 1230 2561; x_wconf 90' lang='lat' dir='ltr'>dicuntur</span> <span class='ocrx_word' id='word_1_208' title='bbox 1248 2490 1309 2560; x_wconf 90' lang='lat' dir='ltr'>vix</span> <span class='ocrx_word' id='word_1_209' title='bbox 1328 2489 1475 2586; x_wconf 85' lang='lat' dir='ltr'>intelligi</span> <span class='ocrx_word' id='word_1_210' title='bbox 1493 2486 1627 2585; x_wconf 64' lang='lat' dir='ltr'>potest?</span> 
     </span>
    </p>

    <p class='ocr_par' dir='ltr' id='par_1_11' title="bbox 442 2585 1965 3658">
     <span class='ocr_line' id='line_1_22' title="bbox 544 2585 1922 2685; baseline -0.001 -27"><span class='ocrx_word' id='word_1_211' title='bbox 544 2588 719 2658; x_wconf 82' lang='lat' dir='ltr'><strong>XXXIV.</strong></span> <span class='ocrx_word' id='word_1_212' title='bbox 746 2590 919 2658; x_wconf 87' lang='lat' dir='ltr'>Caeterum</span> <span class='ocrx_word' id='word_1_213' title='bbox 938 2610 979 2657; x_wconf 91' lang='lat' dir='ltr'><em>an</em></span> <span class='ocrx_word' id='word_1_214' title='bbox 995 2610 1073 2657; x_wconf 88' lang='lat' dir='ltr'>cum</span> <span class='ocrx_word' id='word_1_215' title='bbox 1084 2586 1254 2681; x_wconf 84' lang='lat' dir='ltr'>Scriptura</span> <span class='ocrx_word' id='word_1_216' title='bbox 1275 2587 1312 2656; x_wconf 89' lang='lat'>&amp;</span> <span class='ocrx_word' id='word_1_217' title='bbox 1329 2587 1477 2658; x_wconf 84' lang='lat' dir='ltr'><em>Ratione</em></span> <span class='ocrx_word' id='word_1_218' title='bbox 1498 2589 1602 2657; x_wconf 63' lang='lat' dir='ltr'>Recio</span> <span class='ocrx_word' id='word_1_219' title='bbox 1619 2585 1670 2658; x_wconf 91' lang='lat' dir='ltr'>illi</span> <span class='ocrx_word' id='word_1_220' title='bbox 1688 2590 1922 2685; x_wconf 64' lang='lat' dir='ltr'>Con-xmp,</span> 
     </span>
     <span class='ocr_line' id='line_1_23' title="bbox 442 2678 1965 2779; baseline -0.007 -22"><span class='ocrx_word' id='word_1_221' title='bbox 442 2678 618 2758; x_wconf 85' lang='lat' dir='ltr'>seientiam</span> <span class='ocrx_word' id='word_1_222' title='bbox 636 2704 782 2762; x_wconf 87' lang='lat' dir='ltr'>vocant,</span> <span class='ocrx_word' id='word_1_223' title='bbox 811 2681 909 2778; x_wconf 92' lang='lat' dir='ltr'>quod</span> <span class='ocrx_word' id='word_1_224' title='bbox 930 2682 1005 2753; x_wconf 89' lang='lat' dir='ltr'>aliis</span> <span class='ocrx_word' id='word_1_225' title='bbox 1023 2679 1069 2753; x_wconf 88' lang='lat' dir='ltr'>est</span> <span class='ocrx_word' id='word_1_226' title='bbox 1085 2685 1159 2753; x_wconf 89' lang='lat' dir='ltr'>Lex</span> <span class='ocrx_word' id='word_1_227' title='bbox 1180 2704 1306 2754; x_wconf 88' lang='lat' dir='ltr'>naturae</span> <span class='ocrx_word' id='word_1_228' title='bbox 1319 2684 1356 2753; x_wconf 76' lang='lat' dir='ltr'>bc</span> <span class='ocrx_word' id='word_1_229' title='bbox 1377 2683 1549 2754; x_wconf 86' lang='lat' dir='ltr'>Notiones</span> <span class='ocrx_word' id='word_1_230' title='bbox 1561 2684 1652 2779; x_wconf 90' lang='lat' dir='ltr'>aequi</span> <span class='ocrx_word' id='word_1_231' title='bbox 1675 2708 1712 2756; x_wconf 88' lang='lat' dir='ltr'>ac</span> <span class='ocrx_word' id='word_1_232' title='bbox 1721 2682 1786 2753; x_wconf 92' lang='lat' dir='ltr'>bo·</span> <span class='ocrx_word' id='word_1_233' title='bbox 1795 2688 1965 2762; x_wconf 74' lang='lat' dir='ltr'>Conscientia</span> 
     </span>
     <span class='ocr_line' id='line_1_24' title="bbox 446 2771 1950 2876; baseline -0.003 -23"><span class='ocrx_word' id='word_1_234' title='bbox 446 2779 507 2853; x_wconf 74' lang='lat' dir='ltr'>nii</span> <span class='ocrx_word' id='word_1_235' title='bbox 533 2785 616 2853; x_wconf 91' lang='lat' dir='ltr'>Non</span> <span class='ocrx_word' id='word_1_236' title='bbox 638 2800 769 2874; x_wconf 87' lang='lat' dir='ltr'>putem.</span> <span class='ocrx_word' id='word_1_237' title='bbox 821 2784 914 2850; x_wconf 87' lang='lat' dir='ltr'><em>Nam</em></span> <span class='ocrx_word' id='word_1_238' title='bbox 932 2780 981 2848; x_wconf 91' lang='lat' dir='ltr'>uti</span> <span class='ocrx_word' id='word_1_239' title='bbox 1006 2776 1189 2873; x_wconf 89' lang='lat' dir='ltr'>probatum</span> <span class='ocrx_word' id='word_1_240' title='bbox 1216 2780 1251 2851; x_wconf 92' lang='lat' dir='ltr'>in</span> <span class='ocrx_word' id='word_1_241' title='bbox 1280 2778 1589 2861; x_wconf 82' lang='lat' dir='ltr'>antecedentibus,</span> <span class='ocrx_word' id='word_1_242' title='bbox 1617 2771 1891 2876; x_wconf 63' lang='lat' dir='ltr'>Scripturasroest</span> <span class='ocrx_word' id='word_1_243' title='bbox 1908 2773 1950 2826; x_wconf 66' lang='lat' dir='ltr'>tex</span> 
     </span>
     <span class='ocr_line' id='line_1_25' title="bbox 446 2848 1948 2993; baseline -0.002 -42"><span class='ocrx_word' id='word_1_244' title='bbox 446 2871 684 2951; x_wconf 85' lang='lat' dir='ltr'>conscientiam</span> <span class='ocrx_word' id='word_1_245' title='bbox 695 2898 816 2957; x_wconf 88' lang='lat' dir='ltr'>vocat,</span> <span class='ocrx_word' id='word_1_246' title='bbox 842 2899 915 2956; x_wconf 81' lang='lat' dir='ltr'>cor,</span> <span class='ocrx_word' id='word_1_247' title='bbox 933 2896 1076 2948; x_wconf 79' lang='lat' dir='ltr'>mentem.</span> <span class='ocrx_word' id='word_1_248' title='bbox 1101 2880 1253 2948; x_wconf 82' lang='lat' dir='ltr'><em>animam,</em></span> <span class='ocrx_word' id='word_1_249' title='bbox 1271 2899 1350 2971; x_wconf 90' lang='lat' dir='ltr'>quae</span> <span class='ocrx_word' id='word_1_250' title='bbox 1364 2874 1406 2945; x_wconf 91' lang='lat' dir='ltr'>ab</span> <span class='ocrx_word' id='word_1_251' title='bbox 1420 2872 1513 2947; x_wconf 77' lang='lat' dir='ltr'>insita</span> <span class='ocrx_word' id='word_1_252' title='bbox 1525 2871 1584 2946; x_wconf 81' lang='lat' dir='ltr'>sibi</span> <span class='ocrx_word' id='word_1_253' title='bbox 1593 2875 1661 2948; x_wconf 83' lang='lat' dir='ltr'>iuoe</span> <span class='ocrx_word' id='word_1_254' title='bbox 1672 2874 1786 2968; x_wconf 79' lang='lat' dir='ltr'>&amp;tege</span> <span class='ocrx_word' id='word_1_255' title='bbox 1794 2848 1890 2983; x_wconf 52' lang='lat' dir='ltr'>mi</span> <span class='ocrx_word' id='word_1_256' title='bbox 1890 2865 1948 2993; x_wconf 49' lang='lat' dir='ltr'>&#39;fd</span> 
     </span>
     <span class='ocr_line' id='line_1_26' title="bbox 444 2962 1929 3070; baseline -0.002 -25"><span class='ocrx_word' id='word_1_257' title='bbox 444 2970 681 3067; x_wconf 83' lang='lat' dir='ltr'>distinguenda</span> <span class='ocrx_word' id='word_1_258' title='bbox 705 2967 791 3044; x_wconf 88' lang='lat' dir='ltr'>sunt.</span> <span class='ocrx_word' id='word_1_259' title='bbox 842 2976 919 3044; x_wconf 85' lang='lat' dir='ltr'>Lex</span> <span class='ocrx_word' id='word_1_260' title='bbox 945 2971 990 3045; x_wconf 87' lang='lat' dir='ltr'>est</span> <span class='ocrx_word' id='word_1_261' title='bbox 1020 2967 1176 3066; x_wconf 87' lang='lat' dir='ltr'>inscripta</span> <span class='ocrx_word' id='word_1_262' title='bbox 1198 2972 1321 3052; x_wconf 88' lang='lat' dir='ltr'>cordi,</span> <span class='ocrx_word' id='word_1_263' title='bbox 1362 2965 1427 3042; x_wconf 86' lang='lat' dir='ltr'>five</span> <span class='ocrx_word' id='word_1_264' title='bbox 1448 2968 1688 3054; x_wconf 85' lang='lat' dir='ltr'>conscientiae,</span> <span class='ocrx_word' id='word_1_265' title='bbox 1716 2962 1929 3070; x_wconf 69' lang='lat' dir='ltr'>non„,‚’„,t</span> 
     </span>
     <span class='ocr_line' id='line_1_27' title="bbox 444 3063 1918 3164; baseline -0.005 -24"><span class='ocrx_word' id='word_1_266' title='bbox 444 3064 646 3147; x_wconf 82' lang='lat' dir='ltr'>conscientia</span> <span class='ocrx_word' id='word_1_267' title='bbox 666 3063 749 3164; x_wconf 82' lang='lat' dir='ltr'><em>ipsa.</em></span> <span class='ocrx_word' id='word_1_268' title='bbox 802 3067 925 3149; x_wconf 85' lang='lat' dir='ltr'>Adde,</span> <span class='ocrx_word' id='word_1_269' title='bbox 944 3068 1041 3163; x_wconf 92' lang='lat' dir='ltr'>quod</span> <span class='ocrx_word' id='word_1_270' title='bbox 1059 3068 1220 3139; x_wconf 82' lang='lat' dir='ltr'>attributa</span> <span class='ocrx_word' id='word_1_271' title='bbox 1232 3068 1467 3148; x_wconf 81' lang='lat' dir='ltr'>conscientiae,</span> <span class='ocrx_word' id='word_1_272' title='bbox 1481 3065 1667 3156; x_wconf 73' lang='lat' dir='ltr'>infirmitat,</span> <span class='ocrx_word' id='word_1_273' title='bbox 1688 3072 1918 3163; x_wconf 72' lang='lat' dir='ltr'>inepto-inscripto</span> 
     </span>
     <span class='ocr_line' id='line_1_28' title="bbox 444 3154 1903 3261; baseline -0.005 -21"><span class='ocrx_word' id='word_1_274' title='bbox 444 3168 735 3245; x_wconf 83' lang='lat' dir='ltr'>ritm‚m1rndatio,</span> <span class='ocrx_word' id='word_1_275' title='bbox 755 3164 888 3244; x_wconf 82' lang='lat' dir='ltr'>latitia,</span> <span class='ocrx_word' id='word_1_276' title='bbox 907 3163 942 3229; x_wconf 74' lang='grc' dir='ltr'>τὸ</span> <span class='ocrx_word' id='word_1_277' title='bbox 961 3161 1173 3257; x_wconf 67' lang='lat' dir='ltr'>inpietatem,</span> <span class='ocrx_word' id='word_1_278' title='bbox 1195 3161 1229 3228; x_wconf 74' lang='grc' dir='ltr'>τὸ</span> <span class='ocrx_word' id='word_1_279' title='bbox 1242 3165 1538 3255; x_wconf 68' lang='grc' dir='ltr'>κεκαυτκςιασμίνον,</span> <span class='ocrx_word' id='word_1_280' title='bbox 1562 3187 1665 3260; x_wconf 86' lang='lat' dir='ltr'>atquc</span> <span class='ocrx_word' id='word_1_281' title='bbox 1681 3163 1716 3235; x_wconf 90' lang='lat' dir='ltr'>id</span> <span class='ocrx_word' id='word_1_282' title='bbox 1726 3154 1829 3261; x_wconf 70' lang='lat' dir='ltr'>ge-&#39;ss</span> <span class='ocrx_word' id='word_1_283' title='bbox 1849 3156 1903 3213; x_wconf 66' lang='lat'>“³‘-</span> 
     </span>
     <span class='ocr_line' id='line_1_29' title="bbox 447 3258 1790 3356; baseline -0.004 -21"><span class='ocrx_word' id='word_1_284' title='bbox 447 3288 513 3336; x_wconf 91' lang='lat' dir='ltr'>nus</span> <span class='ocrx_word' id='word_1_285' title='bbox 530 3263 645 3356; x_wconf 87' lang='lat' dir='ltr'>plura,</span> <span class='ocrx_word' id='word_1_286' title='bbox 667 3258 819 3348; x_wconf 76' lang='lat' dir='ltr'><em>facultati</em></span> <span class='ocrx_word' id='word_1_287' title='bbox 841 3260 942 3333; x_wconf 86' lang='lat' dir='ltr'>alicui</span> <span class='ocrx_word' id='word_1_288' title='bbox 961 3260 1047 3330; x_wconf 87' lang='lat' dir='ltr'>benc</span> <span class='ocrx_word' id='word_1_289' title='bbox 1061 3261 1283 3340; x_wconf 87' lang='lat' dir='ltr'>conveniant,</span> <span class='ocrx_word' id='word_1_290' title='bbox 1311 3264 1433 3333; x_wconf 89' lang='lat' dir='ltr'>notioni</span> <span class='ocrx_word' id='word_1_291' title='bbox 1454 3283 1513 3331; x_wconf 89' lang='lat' dir='ltr'><em>aot</em></span> <span class='ocrx_word' id='word_1_292' title='bbox 1532 3262 1594 3354; x_wconf 80' lang='lat' dir='ltr'>legi</span> <span class='ocrx_word' id='word_1_293' title='bbox 1616 3284 1685 3332; x_wconf 90' lang='lat' dir='ltr'>non</span> <span class='ocrx_word' id='word_1_294' title='bbox 1707 3284 1790 3333; x_wconf 89' lang='lat' dir='ltr'>con-</span> 
     </span>
     <span class='ocr_line' id='line_1_30' title="bbox 444 3353 1791 3453; baseline -0.004 -22"><span class='ocrx_word' id='word_1_295' title='bbox 444 3360 597 3431; x_wconf 84' lang='lat' dir='ltr'>veniant.</span> <span class='ocrx_word' id='word_1_296' title='bbox 649 3361 727 3443; x_wconf 80' lang='lat' dir='ltr'>Qua</span> <span class='ocrx_word' id='word_1_297' title='bbox 747 3353 910 3427; x_wconf 90' lang='lat' dir='ltr'>sermonis</span> <span class='ocrx_word' id='word_1_298' title='bbox 933 3355 1187 3435; x_wconf 84' lang='lat' dir='ltr'>concinnitate,</span> <span class='ocrx_word' id='word_1_299' title='bbox 1240 3380 1284 3425; x_wconf 88' lang='lat' dir='ltr'>ua</span> <span class='ocrx_word' id='word_1_300' title='bbox 1304 3377 1439 3438; x_wconf 91' lang='lat' dir='ltr'>mente,</span> <span class='ocrx_word' id='word_1_301' title='bbox 1468 3355 1511 3426; x_wconf 92' lang='lat' dir='ltr'>de</span> <span class='ocrx_word' id='word_1_302' title='bbox 1533 3353 1609 3427; x_wconf 90' lang='lat' dir='ltr'>luce</span> <span class='ocrx_word' id='word_1_303' title='bbox 1633 3378 1691 3428; x_wconf 90' lang='lat' dir='ltr'>aut</span> <span class='ocrx_word' id='word_1_304' title='bbox 1713 3354 1791 3453; x_wconf 83' lang='lat' dir='ltr'>lege</span> 
     </span>
     <span class='ocr_line' id='line_1_31' title="bbox 445 3379 1786 3549; baseline 0 -26"><span class='ocrx_word' id='word_1_305' title='bbox 445 3454 550 3530; x_wconf 87' lang='lat' dir='ltr'>nobis</span> <span class='ocrx_word' id='word_1_306' title='bbox 571 3449 664 3523; x_wconf 80' lang='lat' dir='ltr'>insita</span> <span class='ocrx_word' id='word_1_307' title='bbox 687 3453 754 3523; x_wconf 90' lang='lat' dir='ltr'>dici</span> <span class='ocrx_word' id='word_1_308' title='bbox 771 3449 910 3549; x_wconf 80' lang='lat' dir='ltr'>potest,</span> <span class='ocrx_word' id='word_1_309' title='bbox 934 3444 1098 3547; x_wconf 70' lang='lat' dir='ltr'>pnrtficari</span> <span class='ocrx_word' id='word_1_310' title='bbox 1119 3379 1250 3523; x_wconf 69' lang='lat' dir='ltr'><em>tamdia</em></span> <span class='ocrx_word' id='word_1_311' title='bbox 1277 3447 1421 3546; x_wconf 75' lang='lat' dir='ltr'>operibat</span> <span class='ocrx_word' id='word_1_312' title='bbox 1443 3454 1607 3525; x_wconf 72' lang='lat' dir='ltr'>mortun?</span> <span class='ocrx_word' id='word_1_313' title='bbox 1640 3457 1694 3526; x_wconf 86' lang='lat' dir='ltr'>Ex</span> <span class='ocrx_word' id='word_1_314' title='bbox 1718 3451 1786 3536; x_wconf 87' lang='lat' dir='ltr'>his,</span> 
     </span>
     <span class='ocr_line' id='line_1_32' title="bbox 447 3537 1786 3658; baseline -0.002 -34"><span class='ocrx_word' id='word_1_315' title='bbox 447 3547 508 3627; x_wconf 80' lang='lat' dir='ltr'>nist</span> <span class='ocrx_word' id='word_1_316' title='bbox 530 3549 655 3629; x_wconf 82' lang='lat' dir='ltr'>fallor,</span> <span class='ocrx_word' id='word_1_317' title='bbox 683 3549 798 3646; x_wconf 87' lang='lat' dir='ltr'><em>palam</em></span> <span class='ocrx_word' id='word_1_318' title='bbox 817 3537 893 3629; x_wconf 65' lang='lat' dir='ltr'>en?</span> <span class='ocrx_word' id='word_1_319' title='bbox 911 3572 976 3620; x_wconf 89' lang='lat' dir='ltr'>nos</span> <span class='ocrx_word' id='word_1_320' title='bbox 993 3543 1134 3658; x_wconf 74' lang='lat' dir='ltr'>quando</span> <span class='ocrx_word' id='word_1_321' title='bbox 1155 3547 1198 3618; x_wconf 89' lang='lat' dir='ltr'>de</span> <span class='ocrx_word' id='word_1_322' title='bbox 1215 3545 1453 3631; x_wconf 84' lang='lat' dir='ltr'>Conscientia,</span> <span class='ocrx_word' id='word_1_323' title='bbox 1481 3552 1531 3623; x_wconf 93' lang='lat' dir='ltr'>uti</span> <span class='ocrx_word' id='word_1_324' title='bbox 1546 3549 1589 3620; x_wconf 89' lang='lat' dir='ltr'>de</span> <span class='ocrx_word' id='word_1_325' title='bbox 1601 3549 1786 3632; x_wconf 74' lang='lat' dir='ltr'>facultate,</span> 
     </span>
    </p>

    <p class='ocr_par' dir='ltr' id='par_1_12' title="bbox 446 3641 1789 3820">
     <span class='ocr_line' id='line_1_33' title="bbox 446 3641 1789 3820; baseline 0.004 -102"><span class='ocrx_word' id='word_1_326' title='bbox 446 3672 556 3820; x_wconf 52' lang='lat' dir='ltr'>{agne</span> <span class='ocrx_word' id='word_1_327' title='bbox 575 3644 764 3743; x_wconf 84' lang='lat' dir='ltr'>aliquando</span> <span class='ocrx_word' id='word_1_328' title='bbox 778 3668 905 3721; x_wconf 83' lang='lat' dir='ltr'>errante</span> <span class='ocrx_word' id='word_1_329' title='bbox 916 3641 1123 3743; x_wconf 80' lang='lat' dir='ltr'>loquimur,</span> <span class='ocrx_word' id='word_1_330' title='bbox 1150 3647 1382 3747; x_wconf 82' lang='lat' dir='ltr'>scripturam,</span> <span class='ocrx_word' id='word_1_331' title='bbox 1410 3670 1448 3725; x_wconf 78' lang='lat' dir='ltr'>ac</span> <span class='ocrx_word' id='word_1_332' title='bbox 1464 3648 1650 3724; x_wconf 83' lang='lat' dir='ltr'>Rationem</span> <span class='ocrx_word' id='word_1_333' title='bbox 1665 3644 1789 3723; x_wconf 85' lang='lat' dir='ltr'>ducem</span> 
     </span>
     <span class='ocr_line' id='line_1_34' title="bbox 472 3769 585 3820; baseline 0.018 -2"><span class='ocrx_word' id='word_1_334' title='bbox 472 3770 490 3818; x_wconf 85' lang='lat' dir='ltr'><em>a</em></span> <span class='ocrx_word' id='word_1_335' title='bbox 517 3769 585 3820; x_wconf 85' lang='lat' dir='ltr'>ere.</span> 
     </span>
    </p>
   </div>
   <div class='ocr_carea' id='block_1_5' title="bbox 0 0 2349 5442">
    <p class='ocr_par' dir='ltr' id='par_1_13' title="bbox 0 0 2349 5442">
     <span class='ocr_line' id='line_1_35' title="bbox 0 0 2349 5442; baseline 0 0"><span class='ocrx_word' id='word_1_336' title='bbox 0 0 2349 5442; x_wconf 95' lang='lat' dir='ltr'> </span> 
     </span>
    </p>
   </div>
  </div>
 </body>
</html>
