4667 5442
900 476 970 554 or
996 478 1335 560 ιιιιιιιτιτε.
1755 513 1809 594 ,5

449 665 514 744 hoe
528 660 602 740 osus
627 661 671 736 est
687 659 885 743 ministerio,
900 665 948 735 oti
956 665 1052 830 Γω(
1070 664 1161 740 nere
1178 660 1271 738 Mose
1287 665 1418 760 dicam)
1432 687 1473 740 ex
1487 663 1806 748 iiberbeneieossen·

448 769 576 846 dimus,
597 783 725 862 oportet
743 766 857 860 utique
871 787 954 859 ange
968 786 1023 832 um
1041 758 1129 832 hunc
1148 766 1189 835 de
1206 789 1274 860 quo
1287 762 1429 862 loquitur
1449 766 1565 863 Jesaiar
1590 767 1694 866 ipsum
1713 771 1805 848 fuisse

446 866 609 959 Jehovanr
624 867 756 941 Deum,
778 868 940 934 &tamen
959 858 1069 954 aliquo
1091 864 1189 934 modo
1209 861 1250 933 ab
1274 888 1311 934 ea
1326 865 1482 960 persona,
1500 873 1590 960 cujus
1605 872 1726 942 dicitur
1742 870 1805 946 effe

446 959 1804 1136 <2{orionnnn

444 1085 534 1240 gron
545 1082 986 1252 rtattilataeisri’ii)rl'ropbetornira
1001 1157 1066 1250 ejas
1077 1181 1136 1246 qua
1152 1086 1229 1231 diota
1246 1086 1315 1242 (iterii
1328 1086 1394 1252 {ere
1401 1161 1544 1255 Spiritum
1560 1167 1712 1237 Sannum.
1764 1166 1804 1242 Ei

441 1252 488 1330 fic
503 1263 548 1329 ait
562 1255 728 1355 explicaffe
744 1256 973 1352 Jonathanem.
1001 1258 1044 1325 Λι
1063 1251 1236 1330 AbenEzra
1246 1263 1355 1330 innuit
1368 1260 1427 1330 elie
1437 1262 1522 1328 inter
1538 1254 1804 1357 suosqoidicant,

446 1361 539 1420 tizan
569 1338 657 1446 joiri
679 1363 734 1418 trin
751 1362 827 1428 itant)
846 1362 899 1418 τινι
923 1361 952 1411 ‘³
975 1356 1052 1442 quod
1071 1359 1150 1448 Spir.
1175 1366 1230 1430 Sa.
1254 1357 1316 1446 eius
1326 1357 1365 1445 fit
1385 1362 1503 1451 angelus
1519 1361 1626 1450 glorie.
1679 1365 1802 1438 Verum

442 1457 614 1526 enimvero
631 1470 805 1544 utromque
826 1449 872 1520 est
896 1443 1082 1526 absurdum.
1132 1458 1222 1527 Nam
1234 1477 1268 1528 ot
1285 1456 1484 1554 iposteriori
1502 1459 1673 1554 incipiam.
1687 1462 1803 1561 Ange-

445 1550 496 1625 lus
513 1550 623 1648 gloriae
638 1549 699 1621 effe
718 1571 784 1620 non
799 1547 918 1646 potest,
946 1554 1023 1645 quia
1036 1551 1078 1620 ab
1092 1577 1131 1626 eo
1143 1554 1259 1626 diserte
1272 1557 1489 1652 distinguitur.
1537 1557 1612 1627 Nec
1631 1559 1732 1652 potest
1741 1573 1804 1633 oo·'

444 1673 513 1725 tare
528 1649 763 1745 Prophetarum
776 1647 895 1720 verbat
921 1652 979 1744 qui
999 1653 1088 1722 enim
1111 1678 1149 1725 ea
1166 1651 1371 1726 afficerentur
1388 1655 1540 1725 tristitia?
1572 1656 1634 1725 Sed
1651 1683 1726 1728 eum
1742 1684 1800 1730 no·
1936 1705 1956 1718 ··

445 1772 492 1822 tat
506 1753 563 1844 qui
582 1753 615 1817 in
632 1745 800 1846 Prophetis
815 1743 940 1818 locutus
959 1748 1026 1828 est,
1051 1757 1086 1824 δι
1100 1777 1158 1850 pet
1177 1777 1277 1850 quem
1294 1755 1360 1845 (ot
1377 1749 1408 1824 se
1430 1749 1534 1848 ipsum
1554 1757 1686 1852 corrigit
1702 1751 1800 1831 Kim-

440 1847 525 1965 ειιί)
545 1848 630 1918 didia
650 1842 720 1918 sunt
732 1842 964 1963 Prophetarum
974 1843 1085 1922 verba.
1136 1855 1224 1949 Quis
1240 1873 1347 1923 autem
1365 1849 1420 1966 ilie
1433 1851 1497 1931 est,
1523 1851 1683 1925 nifiverur
1697 1851 1799 1930 Israe-

439 1946 1799 2180 ᾚΞιιῧῑςῑῑιΐέιῑῑὶςὲῑεζῖιτέιιιῑιῑιῑὲιξιιὲιιιιέιι

442 2209 497 2285 »59
515 2219 570 2276 nin
593 2219 682 2274 nm„
707 2217 788 2274 „nv
811 2217 906 2272 mm
931 2219 954 2271 ῃ
977 2215 1047 2267 rm
1064 2183 1266 2276 Nedrgwt's
1281 2182 1377 2258 Verba
1388 2205 1454 2254 mu
1473 2188 1630 2267 mendacii,
1653 2194 1727 2280 quia
1741 2214 1799 2263 m

430 2284 508 2377 sart
521 2285 614 2356 verba
630 2287 751 2356 beminis
766 2334 777 2364 ‚
796 2283 846 2371 sed
861 2284 955 2353 verba
977 2283 1041 2351 Dei
1047 2280 1165 2374 glutini
1173 2333 1185 2368 ,
1208 2282 1311 2374 quippe
1331 2285 1394 2374 Spi.
1411 2286 1566 2376 prophetia
1581 2285 1619 2375 est
1632 2289 1723 2382 staper
1737 2311 1794 2365 me.

439 2388 533 2456 Deos
549 2406 626 2480 ergo
642 2382 687 2454 est
702 2382 756 2454 hic
780 2383 932 2482 spiritati
958 2387 993 2453 δι
1009 2399 1119 2452 tamen
1135 2384 1254 2452 iterum
1269 2380 1381 2480 aliquo
1396 2385 1494 2454 modo
1509 2385 1676 2458 distinetur
1692 2386 1733 2459 ab
1756 2411 1798 2462 eo

642 2503 682 2551 ιιι
737 2532 748 2553 .
1165 2500 1174 2508 ·

435 2505 531 2578 “lm
540 2479 640 2654 redii?
664 2501 840 2678 Pteutsgmm
853 2605 941 2653 none
954 2581 993 2649 ad
1010 2577 1264 2680 Thargumiiias,
1278 2575 1487 2653 Onkeiosom
1509 2585 1669 2680 imprimis
1688 2593 1720 2659 dr
1735 2585 1795 2755 ἑο-

437 2678 580 2762 nathan,
603 2703 745 2778 quornm
762 2673 921 2752 versiones
938 2683 1080 2776 antique
1097 2683 1188 2759 sunt,
1212 2687 1247 2750 δι
1262 2682 1297 2748 in
1311 2704 1430 2776 magno
1452 2684 1538 2777 apud
1563 2679 1719 2756 Hebraeos
1759 2710 1794 2759 o

430 2803 535 2853 nore.
585 2783 630 2852 Ειι
644 2776 763 2876 quibus
780 2778 835 2850 hic
850 2802 950 2874 quem
964 2779 1063 2851 modo
1086 2781 1291 2855 tradiavimus
1316 2775 1405 2849 locos
1422 2803 1488 2850 noo
1506 2784 1655 2876 exiguam
1675 2787 1796 2879 poterit

436 2877 592 2954 foenerati
610 2876 731 2954 locem.
781 2882 822 2952 Et
835 2880 871 2948 in
886 2875 1006 2974 quibus
1019 2903 1086 2951 non
1102 2878 1340 2955 contemnende
1349 2877 1481 2975 vestigia
1496 2885 1637 2972 antique
1646 2904 1794 2956 veterum

435 2977 624 3078 Judaeorum
637 2975 735 3058 fidei,
758 2981 845 3050 eirca
864 2974 1035 3050 articulum
1047 2979 1238 3055 Trinitatis,
1258 2995 1380 3047 extant.
1432 2973 1542 3048 Solent
1562 2978 1708 3052 Chaidaei
1732 2986 1793 3051 Pa·

433 3076 607 3176 taphrastae
620 3075 723 3148 tribue
739 3077 894 3144 distinctis
904 3071 1068 3147 vocabulis
1082 3083 1150 3159 uti,
1167 3095 1308 3166 quorum
1325 3069 1457 3165 fingolia
1467 3075 1578 3142 Deorn
1598 3098 1730 3159 notant,
1752 3076 1794 3150 sic

434 3195 549 3249 tamen
567 3194 604 3244 ut
623 3171 733 3241 Deum
751 3194 818 3242 ono
833 3175 966 3239 nomine
989 3166 1202 3264 significatum
1222 3168 1419 3264 distinguant
1446 3167 1464 3238 d
1485 3173 1559 3239 Deo
1573 3169 1636 3244 aiio
1657 3179 1794 3248 nomine

436 3292 569 3351 notato,
595 3278 630 3343 δε
645 3266 691 3341 fin
738 3265 776 3339 lit
788 3292 826 3339 ea
841 3263 1023 3338 adscribent
1038 3296 1110 3370 qua
1130 3263 1257 3341 nonniir'
1279 3265 1487 3364 personatum
1507 3267 1590 3340 sunt.
1643 3274 1791 3345 Primum

435 3397 561 3446 nomen
579 3370 624 3441 eii
641 3371 696 3440 He
721 3370 842 3439 raicom
868 3364 946 3438 illud
963 3373 1035 3448 nin,
1061 3369 1150 3466 quod
1167 3367 1275 3440 sancte
1299 3369 1467 3448 retinent,
1489 3363 1545 3438 sed
1571 3365 1667 3440 hodie
1689 3366 1791 3446 soient

435 3474 475 3546 io
489 3467 581 3542 iibrit
598 3463 759 3566 impresso
773 3463 911 3538 scribere
921 3491 979 3565 per
996 3468 1113 3567 duplex
1124 3468 1205 3563 jod,
1231 3462 1294 3536 hoc
1307 3466 1406 3538 niodo
1421 3469 1466 3544 ”‚
1494 3467 1660 3562 qnondam
1676 3477 1723 3540 uti
1735 3469 1790 3548 aiii

435 3600 571 3660 narrant
584 3583 602 3676 (
614 3573 727 3677 qoodfi
740 3600 854 3650 verum
865 3577 911 3650 est
931 3601 998 3650 non
1013 3581 1114 3651 caruit
1126 3575 1309 3669 mysterio)
1333 3570 1437 3647 tribus
1449 3573 1514 3665 Jod
1539 3572 1604 3646 hoc
1622 3579 1723 3652 modo
1740 3575 1788 3679 ,',·

436 3709 589 3787 Alterum
609 3724 731 3778 nomtn
750 3700 797 3772 est
807 3707 847 3764 ”7
870 3711 988 3791 ΝΜ,
1006 3699 1153 3774 Verbum
1173 3701 1322 3773 Domini.
1352 3701 1502 3772 Tertium
1516 3704 1642 3782 imm,
1659 3704 1789 3804 dequo·

434 3833 511 3890 mm
526 3801 755 3906 fignifioetione
769 3799 903 3873 ulterius
918 3801 1145 3874 &dimitrius
1161 3800 1405 3900 inquirendum.

535 3935 630 4006 XIV.
653 3933 765 4003 Fateor
791 3926 1000 4000 Chaldaicam
1024 3952 1138 4001 vocem
1161 3936 1260 3989 W)
1280 3925 1480 4024 quandoque
1508 3928 1595 3998 idem
1619 3927 1680 4000 eiie
1698 3930 1788 4025 quod

435 4033 654 4116 Hebraeorum
675 4037 752 4109 ¹¹²7,
773 4035 807 4103 dr
831 4026 1057 4125 qualecunque
1072 4024 1229 4110 verbnm,
1253 4023 1453 4111 sermonem,
1478 4023 1646 4122 eloquium
1656 4030 1788 4099 denota·

436 4163 495 4212 ret
521 4132 716 4232 quandoque
734 4127 822 4199 idem
838 4127 917 4206 effe,
941 4129 1030 4224 quod
1060 4135 1119 4187 Ἃ)
1143 4122 1359 4198 Hebraeorom
1384 4133 1419 4197 δι
1441 4131 1522 4194 nto
1538 4121 1787 4208 Rabbinororn,

434 4237 530 4312 senio
543 4234 708 4328 reciproco
724 4252 824 4325 qoem
835 4223 926 4298 nolio
943 4229 1137 4325 pronomine
1160 4223 1265 4296 sermo
1280 4227 1421 4296 Divinos
1443 4220 1597 4297 exhibere
1599 4224 1732 4396 ίειείὶ,
1748 4244 1785 4296 ot

432 4335 602 4413 annotavit
620 4330 761 4429 Haspm
776 4327 819 4402 d
831 4328 928 4424 zor.
951 4328 1047 4402 Mra·
1058 4336 1176 4420 mbr·
1234 4323 1297 4398 Sed
1323 4325 1359 4397 id
1379 4325 1538 4424 pertendo
1563 4327 1599 4395 in
1646 4328 1690 4397 ita
1706 4321 1787 4496 eladi:
