4667 5442
655 484 765 577 Da
838 441 1296 579 Sounoua
1366 474 1567 581 Duo,
1720 502 1785 613 75
1870 434 1917 443 *-

430 644 570 741 patiens.
619 645 724 742 Qod
741 648 978 741 igiturpatitur
1000 651 1168 719 materiam
1199 644 1258 740 effe
1276 701 1287 726 ,
1304 647 1372 740 fine
1391 651 1547 745 qualitate
1559 645 1786 740 substantiam:
1871 661 1877 666 '

437 745 522 837 quod
538 760 644 814 autern
655 741 784 833 faciat,
811 746 1076 815 RATIONEM
1098 747 1133 814 in
1150 743 1218 838 ipsa
1238 742 1295 835 effe
1314 751 1431 818 Deum.
1484 755 1579 821 Hunc
1598 752 1689 826 enim,
1701 748 1788 913 puip·

432 859 478 934 pe
492 837 732 934 sernpiternum,
752 857 812 931 per
832 838 929 931 ipsam
949 864 1066 910 onmem
1079 839 1203 932 finguia
1227 866 1345 913 creare.
1398 843 1488 913 Vide
1512 848 1658 936 Menagii
1677 850 1702 915 O
1719 841 1787 929 ser·

437 938 582 1007 vationes
599 939 639 1007 ad
655 937 685 1006 b.
698 937 721 1008 i.
742 938 779 1006 &
800 931 939 1029 Lipfium
951 939 989 1006 de
1007 934 1139 1028 Pbyfiol.
1154 940 1257 1008 Stoica
1269 938 1347 1010 Lib.
1365 963 1393 1010 1.
1414 936 1547 1030 Drffiert.
1566 964 1620 1011 rv.
1672 946 1787 1012 Seneca

440 1032 580 1104 Stoicos
603 1027 771 1128 sequens,
802 1035 969 1102 Rationem
979 1030 1147 1121 firmentum
1167 1052 1269 1104 vocat.
1288 1033 1374 1128 Epist
1410 1061 1491 1106 va.
1519 1036 1609 1107 Vide
1631 1043 1722 1109 Grot.
1744 1040 1786 1107 ad

440 1131 524 1221 Job.
543 1154 575 1201 1.
627 1133 674 1200 At
688 1128 779 1225 apud
798 1127 971 1198 neminem
989 1129 1221 1223 Antiquorum
1235 1125 1357 1227 saepius
1376 1127 1461 1201 hanc
1480 1155 1601 1202 vocem
1618 1134 1784 1214 inveniat,

439 1249 550 1321 quam
569 1225 663 1321 apud
682 1228 848 1296 Platonem
868 1224 904 1292 δι
924 1227 1124 1318 interpretes
1140 1225 1239 1313 ejus,
1269 1225 1356 1295 adeo
1368 1225 1525 1321 prolixe,
1554 1227 1641 1299 adeo
1655 1224 1789 1300 subtili·

393 1401 398 1410 ,
440 1343 494 1392 ter
511 1316 825 1417 philosophanteS,
855 1318 942 1389 adeo
971 1321 1187 1415 aenigmatice
1210 1321 1420 1417 loquentes,
1449 1345 1488 1393 ut
1515 1322 1639 1394 nesciat
1661 1324 1782 1406 scitor,

440 1419 479 1489 in
500 1442 572 1514 quo
592 1418 675 1488 orbe
697 1414 858 1489 versetur.
910 1417 1020 1503 Cujus
1040 1412 1352 1512 philosophationis
1377 1414 1562 1515 specimina
1586 1421 1702 1516 aliqua
1724 1446 1787 1492 ex·

441 1512 558 1586 hibuit
579 1512 696 1600 Euseb.
710 1524 809 1608 Prap.
824 1518 949 1603 Evang.
962 1509 1034 1582 Lib.
1050 1534 1108 1581 xi:
1125 1521 1201 1607 Cap.
1214 1536 1280 1585 xvr
1292 1538 1323 1586 1.
1338 1539 1403 1586 xvi
1415 1539 1471 1587 11.
1489 1540 1574 1587 xix.
1628 1522 1788 1590 Mornaut

443 1616 501 1685 De
517 1608 746 1703 Rebig.Cbrust.
769 1608 844 1682 Lib.
869 1633 900 1680 1.
919 1617 994 1703 Cap.
1012 1631 1045 1681 v.
1067 1610 1102 1677 &
1119 1611 1313 1704 nuperrime
1331 1615 1470 1683 Huetiua
1497 1614 1645 1685 Abtetan.
1662 1610 1787 1711 Quid.

444 1705 521 1779 Lib.
538 1717 677 1800 rucap.
696 1729 776 1778 111.
827 1709 1026 1775 Memorato
1048 1703 1280 1799 dignissimum
1298 1706 1364 1787 est,
1394 1708 1492 1802 quod
1513 1733 1556 1779 ex
1577 1712 1711 1781 Platone
1726 1735 1787 1781 ex-

443 1798 564 1898 cerpsit
583 1802 737 1891 Eusebitu
752 1810 891 1896 Prapar.
904 1806 1028 1892 Evang.
1041 1804 1116 1872 Lib.
1132 1825 1191 1873 xr.
1207 1810 1385 1897 Cap.xv1.
1403 1802 1463 1874 ubi
1477 1802 1653 1877 beatitudo
1670 1808 1705 1876 in
1724 1804 1787 1875 ad·
1836 1898 1838 1901 Ι
1860 1884 1865 1893 ‚

443 1902 623 1972 miratione
644 1898 805 1971 &studio
824 1902 864 1961 τᾶ
879 1898 957 1977 aba
974 1896 1201 1970 constituitur.
1254 1904 1297 1969 At
1312 1893 1382 1994 ipsa
1394 1900 1537 1971 Plutonia
1550 1927 1594 1974 ex
1606 1904 1787 1998 Epimenide

442 1996 546 2066 verba
559 1998 762 2068 audiamus:
790 1991 848 2059 Καὶ
870 1988 964 2077 reputit
981 1989 1162 2075 introibant
1180 2040 1198 2069 ,
1227 1989 1272 2078 puin
1295 1996 1338 2076 τῷ
1354 1993 1409 2078 μὶν
1434 1993 1564 2065 'turannio
1591 2045 1601 2071 ,
1624 1986 1704 2116 ab}
1726 2000 1787 2080 ab·

444 2118 504 2165 uae,
531 2095 591 2165 τοῖς
611 2082 657 2182 ⁵9(
665 2094 794 2187 irrigate)
814 2089 890 2174 abac
905 2115 975 2156 aurat
986 2091 1094 2195 μοῖραν
1113 2088 1290 2172 niernum,
1313 2086 1388 2173 piae
1405 2116 1477 2155 τινα
1489 2092 1617 2183 χρόνον,
1640 2100 1667 2161 'tr
1680 2088 1787 2175 abab·

404 2195 405 2198 ’
442 2183 559 2267 ἔρχεται
571 2180 622 2245 τὸν
637 2183 718 2244 ooo&
730 2177 835 2251 abaco,
854 2193 1058 2242 nonanoeane-o
1071 2175 1189 2259 uirtute,
1207 2173 1236 2243 br
1248 2171 1446 2278 ἕταξὶΛὸγθ
1458 2178 1470 2242 i
1485 2177 1602 2245 πάντων
1615 2177 1780 2247 berbece&

443 2261 472 2331 ‘ir
486 2265 499 2328 ὃ
515 2264 569 2346 μὶν
592 2266 734 2350 cibabatur
757 2267 876 2357 medeor
895 2262 951 2347 pair
979 2261 1168 2346 tucinam,
1201 2262 1305 2326 ἔπειτα
1365 2259 1457 2326 i'toror
1476 2263 1527 2350 ἔχε
1541 2267 1582 2329 ‘ric
1604 2266 1794 2347 καταμαθεῖν·

443 2349 537 2413 inira
552 2351 636 2435 brnoni
652 2351 733 2429 φύσει
749 2339 875 2418 boteri.
926 2353 972 2423 Et
988 2350 1138 2428 honores,
1163 2349 1301 2443 inquit,
1326 2288 1348 2419 st
1391 2373 1517 2422 eamus:
1538 2349 1586 2440 fic
1601 2370 1725 2431 tamen,
1750 2368 1789 2422 ut

441 2469 503 2515 non
514 2444 582 2535 jam
608 2472 724 2520 annum
750 2446 868 2525 alteri,
892 2446 988 2517 alteri
1005 2445 1137 2534 mensem
1156 2499 1166 2524 ,
1192 2449 1256 2516 dies
1286 2443 1366 2515 aliu
1384 2444 1593 2530 tribuamus,
1618 2468 1674 2518 aut
1692 2448 1788 2518 ulium

404 2543 408 2551 ’
443 2545 565 2613 omnino
585 2560 725 2639 tonpua,
751 2567 810 2641 quo
820 2542 911 2631 suam
931 2539 1059 2638 quilibet
1076 2538 1302 2631 conoerfiontm
1322 2538 1465 2630 absoluat
1485 2595 1495 2622 ,
1519 2549 1593 2615 dum
1613 2548 1653 2615 ad
1672 2546 1789 2623 mundi,

445 2659 537 2733 quem
552 2635 691 2711 Verbum
714 2638 802 2734 longe
829 2641 967 2709 omnium
986 2640 1223 2734 Divuiniffimum
1241 2634 1469 2728 conformavit,
1489 2637 1706 2735 perfe‘biiottem
1726 2636 1790 2734 ipse

442 2738 613 2806 concurrit.
665 2740 780 2823 Quoo
808 2760 964 2825 Qtroun
991 2740 1181 2818 Vennum,
1210 2761 1393 2827 erthrs
1423 2762 1572 2808 neurus
1603 2764 1687 2818 est,
1705 2757 1790 2809 eul-

444 2857 535 2902 mun
564 2858 798 2915 nommant,
830 2859 915 2903 run
943 2856 1153 2923 eJusoen,
1192 2853 1412 2923 Quatenus.
1445 2861 1629 2907 nourrii
1659 2860 1789 2906 Nuru-

442 2955 505 3000 Μ.
542 2930 751 3016 mnu
793 2955 1079 3003 COGNOSCENDI
1114 2955 1253 3003 AMORE
1289 2954 1340 3002 AC
1370 2958 1516 3005 STUDIO
1546 2952 1695 3006 TENERI
1725 2958 1790 3004 80·

441 3050 530 3103 Lur.

541 3159 607 3231 IX.
635 3149 811 3244 Quorsum
830 3154 903 3229 haec
923 3152 1067 3230 omnia?
1099 3156 1341 3229 Dicendumne
1361 3180 1444 3253 ergo
1458 3155 1524 3237 est,
1554 3178 1685 3228 veteres
1705 3152 1785 3226 istos
1795 3160 1847 3245 Iit.
1863 3153 1967 3231 Jobau·

446 3253 589 3326 eandem
607 3253 865 3351 propemodum
879 3278 986 3348 quam
1005 3249 1280 3324 christianismus
1299 3252 1401 3324 docet
1420 3252 1463 3321 de
1483 3252 1573 3322 Filio
1593 3254 1656 3323 Dei
1670 3244 1784 3321 fovisse
1795 3254 1833 3363 ΖΨ
1842 3233 1967 3309 beanga-

445 3350 666 3446 opinionem,
694 3352 731 3420 δι
753 3347 950 3444 Johannem
970 3347 1012 3417 ab
1032 3350 1074 3417 iis
1097 3343 1172 3417 suas
1194 3345 1351 3441 mysticas
1371 3347 1448 3417 istas
1467 3346 1635 3442 loquendi
1655 3330 1955 3441 formu-fflojfb'ss
1973 3412 1978 3418 .

444 3447 497 3521 las
517 3467 712 3516 mutuatum
731 3441 822 3517 else?
849 3448 932 3515 Non
951 3439 1074 3513 desunt
1094 3467 1138 3516 ex
1159 3440 1388 3525 Christianis,
1418 3447 1582 3514 emunita
1600 3445 1704 3514 etiam
1725 3468 1786 3515 na·
1798 3462 1939 3519 Ptaaaotcu

443 3546 490 3617 ris
507 3538 710 3639 scriptores,
739 3544 802 3639 qui
821 3542 868 3612 ita
889 3540 1082 3636 opinentur.
1133 3541 1162 3613 Ii
1187 3564 1278 3636 quos
1303 3539 1412 3611 modo
1431 3539 1568 3611 laudavi
1591 3542 1654 3613 viti
1672 3540 1947 3613 erudi-barbatum·

444 3641 582 3720 tissimi,
611 3634 716 3711 secuti
730 3640 918 3713 ctaaaaem
930 3635 1201 3717 Alexandrinum,
1224 3634 1411 3725 Eusebium,
1436 3637 1605 3729 cyrillum,
1630 3639 1716 3709 alios
1745 3662 1788 3709 ue
1973 3659 1978 3668 ·

445 3735 725 3835 quamplurimos
747 3784 758 3819 ‚
796 3736 893 3807 omni
913 3758 980 3830 ope
990 3728 1049 3804 nisr
1066 3731 1143 3808 sunt
1161 3755 1201 3805 ut
1219 3733 1405 3832 probarent
1431 3786 1441 3812 ,
1466 3728 1609 3830 priscam
1631 3663 1789 3808 Philciio-

444 3835 564 3931 phiam
578 3829 810 3906 sanctissimam
827 3827 1045 3930 personatum
1055 3834 1263 3909 Trinitatem
1274 3824 1444 3927 agnovisse
1458 3836 1495 3902 &
1506 3825 1687 3926 professam
1702 3823 1787 3916 esse3

446 3934 554 4028 inque
571 3955 610 4001 ea
627 3952 663 4001 re
681 3932 832 4001 invenire
850 3925 883 4000 se
902 3948 1025 4025 putant
1043 3925 1245 3998 Christianae
1269 3928 1421 3998 veritatis
1442 3926 1660 4000 certissimum
1686 3952 1788 4024 argu-

444 4052 616 4101 mentum.
669 4031 714 4097 Et
730 4022 806 4097 sane
820 4020 966 4122 reperias
982 4022 1038 4095 hic
1056 4019 1165 4097 iabou,
1189 4022 1373 4097 iacebant,
1397 4025 1532 4120 aliaque
1544 4023 1714 4096 vocabula
1726 4049 1791 4096 no·

449 4123 523 4198 strae
540 4123 735 4221 professioni
748 4118 863 4195 sueta:
891 4124 1022 4203 immo,
1051 4119 1150 4218 quod
1167 4119 1299 4190 mireris
1317 4163 1328 4198 ‚
1357 4116 1469 4215 ipsum
1488 4116 1525 4184 oi
1544 4114 1691 4204 ὀμόσων.
1718 4127 1790 4194 Re.

449 4217 584 4318 perias,
613 4227 730 4293 Deum
753 4219 904 4302 Filium,
933 4214 1000 4288 sive
1032 4221 1217 4298 Mentem,
1244 4241 1264 4286 a
1284 4220 1363 4285 Deo
1387 4224 1516 4299 Patre,
1551 4220 1605 4288 cui
1627 4219 1790 4291 tribuitur

438 4322 535 4390 'Boni
554 4342 767 4417 cognomen,
795 4317 950 4414 genitum
972 4308 1035 4385 esse
1052 4334 1130 4385 ante
1151 4336 1332 4409 tempora,
1360 4314 1470 4387 modo
1492 4315 1646 4411 quodam
1667 4316 1730 4411 qui
1747 4314 1789 4385 ab

448 4413 650 4491 hominibus
669 4413 914 4514 comprehendi
937 4436 1008 4486 non
1027 4408 1156 4584 poffipg
1175 4436 1252 4585 per
1277 4405 1310 4483 se
1341 4410 1490 4488 constare
1514 4407 1652 4512 ipsum,
1687 4432 1792 4578 amplifi
