4667 5442
760 490 1432 585 DeAssxnrrs.
1698 516 1852 618 171¹

439 658 563 743 Quum
581 674 665 751 ergo
679 676 813 727 veteres
845 652 969 752 Assyrii
983 680 1062 728 cum
1078 651 1139 727 suo
1160 656 1308 753 imperio
1332 657 1464 729 dudum
1479 659 1666 755 perierint,
1695 656 1790 729 aliud
1799 700 1894 746 emas,
1914 696 1945 737 aa

437 752 653 846 imperium,
681 748 839 847 Affytiaci
860 753 1054 833 aemulum,
1085 751 1254 850 quodque
1281 779 1342 849 per
1368 776 1421 825 tot
1441 774 1637 851 tempotum
1657 757 1908 826 rerum-Turta·

422 862 512 944 ‘que
536 848 778 920 vicissitudines
799 844 910 945 prisco
929 849 981 922 illi
995 847 1165 929 successit,
1194 850 1341 948 intelligi
1360 849 1483 923 debere
1498 851 1644 923 videtur.
1679 849 1789 940 Qod

440 965 559 1015 autem
573 943 663 1015 illud
684 944 731 1016 est
752 992 762 1025 ,
790 942 851 1016 nist
873 949 1056 1042 imperium
1076 942 1232 1033 Persicum
1250 951 1401 1042 primum
1424 994 1434 1027 ,
1463 974 1546 1019 mox
1567 953 1788 1019 saracenicam

441 1064 482 1111 ac
501 1039 695 1113 Turricum?
720 1047 791 1112 Aut
804 1043 982 1137 quodnam
1001 1042 1150 1140 denique
1168 1043 1262 1114 aliud
1281 1041 1351 1125 est,
1380 1045 1434 1115 cui
1452 1042 1587 1115 meliori
1602 1044 1675 1132 jure
1693 1042 1788 1140 Aisy-

439 1140 523 1210 riaci
541 1162 670 1207 nomen
689 1136 865 1209 vindices?
1587 1187 1592 1197 .
1646 1181 1653 1188 -

541 1237 629 1305 XX.
657 1239 835 1323 Qrantum
853 1233 940 1305 lucis
963 1230 1036 1308 haec
1056 1230 1307 1306 obscurioribus
1333 1231 1540 1330 quibusdam
1559 1236 1705 1308 oraculis
1726 1234 1789 1306 ad·
1835 1248 1905 1307 xx.

441 1329 577 1411 serant,
606 1354 677 1402 uno
697 1354 787 1401 nunc
799 1329 897 1401 lubet
911 1329 1088 1427 alteroque
1099 1329 1262 1426 exemplo
1277 1328 1517 1404 demonstrare.
1545 1332 1681 1405 Michas
1694 1338 1782 1428 Cap.
1797 1320 1963 1414 Μῖώςνῑῶ

442 1452 489 1501 v:
511 1449 552 1518 4,
578 1445 611 1516 5.
633 1428 669 1497 in
691 1424 764 1498 haec
789 1428 893 1497 verba
912 1427 1113 1499 vaticinatur
1134 1454 1143 1499 ε
1182 1434 1227 1502 Et
1245 1429 1310 1499 erit
1327 1426 1388 1499 hac
1404 1445 1496 1521 pax:
1531 1427 1675 1522 Affyrim
1693 1452 1788 1525 quum
1796 1476 1827 1529 de
1835 1489 1898 1548 pace
1911 1473 1960 1529 Ec·

440 1526 594 1599 venietin
609 1543 729 1596 terram
741 1523 895 1606 nostram,
919 1526 962 1596 Θ
981 1547 1077 1620 quum
1094 1520 1231 1595 calcabit
1245 1522 1369 1617 palatia
1393 1520 1520 1606 nostra,
1543 1543 1611 1597 tum
1624 1525 1959 1626 constitue-affin,

442 1646 513 1695 mut
531 1638 639 1693 contra
662 1620 762 1715 ipsum
771 1619 893 1715 septem
905 1616 1044 1715 pastores
1064 1673 1074 1700 ,
1099 1626 1143 1693 (t
1161 1620 1227 1693 osio
1255 1635 1379 1701 mee
1403 1639 1495 1701 ΨΟ]
1519 1623 1625 1693 uniios
1645 1622 1784 1695 hominii.

443 1723 492 1795 Et
504 1717 632 1815 poscent
647 1739 770 1789 terram
788 1713 910 1810 Affyrii
922 1716 1060 1807 gladio,
1084 1720 1127 1791 (t
1146 1737 1266 1789 terram
1292 1721 1433 1790 Nimrod
1451 1723 1485 1789 in
1509 1717 1590 1801 oliiio
1611 1720 1688 1811 ejus.
1739 1723 1784 1793 fit

442 1819 557 1910 eripiet
572 1812 613 1885 ab
630 1810 758 1908 Affyrio
770 1837 864 1909 quum
876 1817 1001 1884 venerit
1019 1817 1055 1885 in
1073 1831 1193 1886 terram
1207 1811 1341 1895 nostram
1359 1866 1370 1893 ,
1394 1818 1437 1887 (t
1455 1838 1549 1911 quum
1569 1812 1704 1888 calcabit
1720 1834 1785 1887 ter-

439 1918 560 1987 minian
575 1909 720 1992 nostrum.
770 1909 882 1983 Facile
900 1908 1047 1982 ostendit
1058 1910 1248 2008 prophetiae
1268 1905 1368 1982 series
1388 1909 1431 1980 de
1448 1909 1576 2008 quibus
1588 1909 1645 1986 hic
1665 1933 1784 2010 agatur

440 2009 668 2106 temporibus.
696 2012 840 2080 Comm.
859 2030 890 2079 1.
915 2002 1149 2079 describuntur
1157 2008 1334 2103 egreffiones
1347 2006 1499 2088 Messrae,
1527 2007 1694 2106 illiusque
1707 2034 1786 2105 per·

440 2105 524 2179 sona
543 2108 579 2177 &
599 2106 762 2176 officium.
815 2109 932 2194 Quem
959 2128 1070 2197 quum
1100 2109 1343 2178 Dominatorem
1364 2094 1498 2175 dixisset
1526 2103 1718 2202 Propheta,
1748 2107 1785 2177 bt

443 2210 688 2301 Cap.1v:14.
739 2202 893 2293 Juiicem
910 2201 1052 2284 Israelis,
1076 2204 1190 2299 pergit
1208 2225 1335 2273 comm.
1353 2224 1387 2272 2.
1399 2199 1567 2289 judicium
1586 2203 1658 2290 ejus
1676 2226 1785 2297 expo·
1908 2196 1913 2222 ²

440 2326 532 2373 nere.
585 2297 625 2369 Id
644 2297 700 2369 v'el
718 2294 904 2369 severitatis
923 2296 969 2368 est
988 2321 1066 2395 erga
1079 2297 1223 2369 rebelles
1237 2297 1379 2396 Judaeos
1390 2343 1400 2376 ,
1429 2321 1519 2393 quos
1531 2301 1707 2371 traditurus
1719 2292 1783 2367 elle

437 2398 564 2471 dicitur
574 2441 584 2475 ,
613 2394 777 2467 nimirum
793 2391 968 2474 hostibus,
996 2405 1089 2492 utque
1108 2399 1149 2466 ad
1168 2410 1291 2488 tempus
1301 2398 1456 2487 parientis
1471 2435 1490 2473 ‚·
1507 2418 1601 2490 quam
1609 2398 1798 2490 pepererit·

437 2490 547 2590 usque
567 2491 651 2561 dum
670 2483 815 2563 Ecclesra
832 2488 1023 2563 Christiana
1035 2489 1285 2587 plenitudinem
1297 2491 1465 2562 Gentium
1483 2489 1778 2564 stiteritDomino.

438 2589 545 2663 Cons.
566 2583 633 2687 Jes.
649 2611 735 2659 xiv:
754 2611 786 2659 1.
813 2585 895 2659 Gal.
914 2609 973 2658 tv:
991 2611 1047 2669 27.
1075 2592 1335 2672 Rom.x1:25;
1387 2585 1455 2659 Vel
1470 2589 1587 2685 gratiae
1599 2634 1610 2669 ,
1638 2610 1709 2659 tam
1728 2611 1781 2659 er-

437 2710 482 2785 ga
500 2688 663 2786 Judaeos,
691 2708 873 2781 quorum,
902 2684 1031 2772 rejeiiis
1056 2685 1216 2764 caeteris,
1243 2682 1399 2778 reliquiae
1425 2678 1675 2765 servabuntur,
1702 2684 1780 2757 reii-

437 2809 533 2882 quum
539 2781 685 2875 fratrum
702 2775 849 2854 redibunt
868 2784 910 2852 ad
919 2776 1007 2867 filios
1024 2779 1146 2869 Israi'lir
1169 2807 1180 2867 3
1207 2804 1313 2877 quam
1333 2804 1410 2877 erga
1438 2784 1596 2863 Gentes,
1623 2776 1691 2853 stne
1715 2805 1779 2853 na-

437 2884 573 2953 tionum
596 2876 787 2952 discrimine
807 2925 818 2959 ,
846 2877 996 2950 dilatatis
1011 2881 1106 2974 regni
1126 2872 1177 2948 sui
1187 2878 1351 2974 pomeriis
1361 2876 1505 2975 usquead
1517 2880 1664 2951 terminos
1674 2899 1778 2951 terre.

439 2980 585 3050 Comm.
606 2998 636 3069 3.
651 2973 871 3058 Tumllabit‚
894 2976 1300 3071 quijacueratmortuus:
1329 2977 1372 3048 &⁸
1379 2972 1502 3072 pascet,
1528 2974 1681 3074 colliget,
1695 2974 1776 3058 alet,

437 3071 651 3149 conservabit
671 3098 755 3146 oves
768 3069 843 3157 suas
865 3100 874 3145 t
904 3077 937 3144 in
954 3071 1065 3147 robore
1092 3074 1248 3150 Domini,
1273 3072 1425 3153 Divina,
1453 3074 1612 3153 victrice,
1640 3074 1678 3144 δι
1693 3072 1778 3143 irre-

438 3166 569 3244 fistibili
585 3172 771 3267 potentia,
794 3173 838 3243 (9⁸
859 3173 895 3242 in
913 3168 1048 3241 elatione
1070 3173 1207 3243 Domini
1226 3171 1294 3242 Dei
1315 3166 1411 3249 nostri
1431 3195 1440 3240 ε
1474 3164 1640 3265 gloriosas
1656 3190 1777 3241 omnes

390 3311 396 3318 -
433 3262 508 3340 Dei
526 3268 668 3338 virtutes
688 3311 699 3347 ,
726 3269 759 3338 in
774 3265 1015 3364 praedicatione
1033 3264 1240 3360 Evangelii,
1269 3261 1570 3359 &gubernatione
1597 3257 1775 3343 Ecclestae,

433 3362 685 3479 patefaciendo.
736 3366 781 3435 Et
793 3357 1007 3449 confidebunt,
1035 3362 1071 3430 in
1098 3356 1287 3455 tranquillo
1314 3380 1413 3450 erunt
1432 3357 1546 3439 statu,
1576 3354 1776 3429 cessantibus

432 3457 674 3557 testationibus
687 3452 972 3555 persecutionum.
1023 3457 1141 3551 Coepit
1151 3454 1189 3526 id
1201 3449 1295 3535 fieri,
1325 3453 1464 3550 quando
1476 3454 1670 3537 Constantius
1684 3455 1777 3528 Chlo·

435 3583 491 3635 tttt
507 3554 708 3630 Christianis
726 3556 759 3625 in
781 3548 955 3625 saevissrma
976 3548 1205 3649 persecutione
1224 3551 1423 3626 Diocletiani
1448 3544 1632 3650 suffugium
1651 3552 1688 3622 in
1707 3573 1777 3624 ter·

437 3658 483 3729 ris
503 3652 572 3727 suis
592 3651 750 3749 praebuit.
799 3648 867 3721 Sed
881 3646 952 3724 baec
964 3651 1060 3722 initia
1081 3650 1248 3723 duntaxat
1266 3643 1353 3721 sunt.
1404 3654 1497 3720 Nam
1511 3674 1591 3723 nunc
1599 3645 1777 3744 magnifica·

435 3749 524 3827 bitur
546 3750 640 3848 usqus
660 3754 701 3820 ad
712 3743 792 3836 fines
806 3767 910 3821 terra.
959 3751 1098 3819 Pastum
1119 3746 1156 3818 id
1174 3743 1385 3845 potissimum
1407 3743 1468 3820 sub
1487 3745 1681 3829 Constantini
1706 3748 1776 3819 im-

436 3851 558 3948 perio:
586 3845 726 3943 quando
738 3844 818 3926 data
836 3841 992 3917 Ecclesiae
1010 3868 1030 3914 a
1051 3838 1118 3916 suis
1131 3840 1401 3943 persecutoribus
1419 3861 1485 3940 pax
1505 3841 1572 3927 est,
1600 3868 1679 3916 cum
1698 3868 1775 3917 ma·

434 3948 531 4020 xima
552 3967 665 4018 rerum
685 3944 843 4014 omnium
858 3940 1023 4013 ubertate.
1565 4017 1570 4028 .

535 4045 640 4113 XXI.
666 4045 749 4111 Non
770 4059 945 4112 eatamen
966 4062 1035 4135 pax
1056 4038 1284 4134 praecipienda
1313 4041 1430 4111 animo
1454 4035 1520 4111 suit
1545 4064 1649 4135 quam
1679 4039 1854 4113 nullam
1875 4045 1913 4103 Aa
1976 4070 1978 4075 .

437 4141 658 4212 comitaretur
679 4134 840 4234 angustia.
891 4140 985 4208 Nam
1003 4156 1125 4231 praeter
1142 4136 1221 4207 illas
1232 4161 1337 4208 vexas
1360 4161 1448 4233 quas
1461 4135 1503 4206 ab
1525 4138 1703 4210 Haereticis
1715 4111 1862 4255 εις-ΞΜ
1878 4140 1938 4181 ''⁴'‘

439 4233 636 4335 spoliandas
655 4230 802 4316 habebat
818 4227 984 4312 Ecclesia,
1012 4232 1049 4301 δι
1069 4229 1111 4300 ab
1130 4234 1304 4303 exoriente
1320 4231 1499 4329 paullatim
1513 4232 1706 4307 Antichristi
1723 4198 1894 4336 roffr'c‘ff
1967 4266 1970 4281 ·

436 4356 531 4431 gno,
562 4327 631 4424 (de
651 4330 778 4502 gpibus
801 4324 1081 4440 aliaeprophetiae
1096 4324 1228 4425 agunt)
1255 4325 1310 4399 hic
1329 4322 1466 4427 insignis
1481 4330 1607 4428 aliquis
1622 4325 1777 4405 Ecclesiae

436 4427 641 4507 Cluislianae
685 4425 765 4504 ostis
790 4447 988 4500 nominatur
1005 4419 1163 4517 Assyrius.
1216 4425 1326 4514 Cujus
1345 4423 1521 4526 potestas,
1547 4425 1623 4527 post
1641 4450 1778 4521 eaquae

1187 4526 1220 4594 Y
1243 4545 1267 4601 2
1669 4520 1779 4606 modo
1910 4523 1930 4636 η’

1797 1411 1822 1472 ς.
1835 1416 1925 1473 agitur
2056 1412 2061 1417 ’
