4667 5442
588 483 689 595 10³6
870 487 1585 581 Extant-carro
1651 471 1803 581 IV.'

579 654 871 756 quandoquidem
887 652 930 723 dc
949 677 984 725 re
1006 653 1117 749 agitur
1138 645 1364 723 diverfiffima.
1414 653 1491 721 Nec
1511 647 1643 721 locutio
1655 640 1801 745 prorsus
1822 640 1876 721 est
1891 668 1946 720 ea·

460 773 465 782 “
584 758 678 827 dem.
729 762 768 826 ln
786 778 828 824 eo
849 751 1080 829 conveniunt,
1108 748 1207 846 quod
1225 749 1262 819 δι
1284 745 1439 843 Angelus
1457 744 1622 845 Jehova,
1650 742 1875 819 &Michael
1894 745 1947 818 di·

583 844 667 925 xilie
679 872 877 929 narrantur,
906 854 1050 941 Increpet
1066 863 1099 917 te
1118 848 1287 921 Dominus.
1335 848 1381 914 Et
1393 838 1468 913 sane
1480 855 1667 940 utrumque
1675 840 1773 915 illud
1786 842 1944 941 dignum

582 973 734 1045 utroque
756 944 834 1019 est.¹
864 944 992 1018 Filium
1016 946 1083 1017 Dei
1104 942 1203 1013 decet
1220 933 1419 1013 sententiam
1431 938 1514 1011 ferre
1528 941 1564 1011 in
1583 942 1724 1012 nomine
1733 943 1883 1014 Patris:
1908 942 1942 1013 δι

586 1043 795 1121 Michaelem
815 1044 849 1115 in
871 1042 1010 1113 nomine
1026 1042 1094 1109 Dei
1108 1037 1243 1127 judicis.
1295 1042 1342 1109 At
1366 1036 1409 1106 de
1421 1033 1595 1109 Michaele
1603 1032 1717 1110 scribit
1736 1036 1872 1135 Judas,
1888 1062 1942 1111 not

584 1142 694 1231 ausum
708 1137 803 1231 fuisse
819 1137 1038 1210 maledictum
1058 1138 1210 1233 ingerere
1230 1131 1397 1205 Diabolo.
1445 1132 1558 1219 Quod
1578 1133 1622 1204 de
1640 1133 1785 1231 Angelo
1802 1130 1941 1233 Jehovr

585 1262 807 1335 nequaquam
824 1232 938 1308 scribit
964 1229 1156 1305 Zacharias.
1206 1234 1252 1302 Et
1278 1224 1377 1311 sane,
1406 1226 1726 1326 quomodocunque
1758 1230 1941 1330 explices.

585 1336 713 1406 durum
732 1334 823 1404 dictu
839 1330 903 1411 est,
931 1328 1062 1402 Filium
1078 1331 1147 1401 Dei
1166 1352 1236 1399 non
1251 1328 1376 1399 audere
1393 1324 1596 1399 maledicere
1612 1326 1786 1403 Diabolo.
1815 1334 1940 1419 Quum

588 1434 680 1504 enim
698 1431 801 1501 toties
823 1426 1066 1507 maledixerit,
1090 1428 1131 1497 &
1150 1450 1203 1496 vae
1223 1422 1480 1495 denunciaverit
1502 1442 1607 1519 atque
1622 1424 1859 1500 intentaverit
1879 1422 1941 1498 ho·

585 1528 739 1600 minibus
759 1548 929 1620 nequam,
959 1526 1019 1618 qui
1037 1519 1181 1594 Diaboli
1194 1517 1306 1592 semen
1317 1514 1394 1591 sunt
1413 1545 1422 1590 ι
1448 1518 1573 1615 quidni
1586 1514 1647 1617 ipfi
1655 1520 1845 1605 Diabolo,
1860 1548 1941 1595 cun·

584 1630 720 1695 storum
744 1619 896 1693 bellium
921 1614 1060 1691 suorum
1076 1619 1225 1715 principi
1247 1617 1261 1689 ζ
1283 1618 1456 1704 Qsamvis
1477 1617 1580 1687 etiam
1599 1620 1823 1692 oeconomice
1839 1618 1945 1693 Chri·

585 1720 674 1794 stum
696 1714 903 1796 consideres,
932 1718 972 1786 ea
987 1739 1135 1813 quoque
1149 1718 1236 1802 gera
1249 1711 1450 1785 constitutus
1471 1737 1490 1783 a
1503 1717 1582 1783 Deo
1601 1711 1733 1786 diaboli
1745 1716 1869 1805 judex
1880 1714 1942 1792 cst:

586 1841 748 1913 quaenam
769 1817 886 1909 itaque
904 1814 940 1883 in
962 1836 1004 1884 eo
1025 1809 1217 1894 estcc'npe,
1240 1806 1264 1881 st
1306 1835 1347 1883 ro
1367 1809 1469 1882 officii
1485 1803 1536 1880 sui
1555 1810 1686 1881 ratione
1707 1810 1821 1911 agat}

687 1914 825 1997 XXIII.
852 1907 1043 1997 Adfectant
1059 1910 1182 2004 reponi
1194 1835 1315 2004 poteA.
1366 1907 1555 1981 Neminem
1575 1898 1638 1978 elle
1657 1909 1875 1985 mortalium
1888 1912 1946 2010 qui

440 1998 731 2105 ‘'²⁰²¹‘'”antiqua
756 2004 816 2079 ista
840 2006 1070 2078 Hebraeorum
1091 2006 1214 2076 dictata
1241 2028 1307 2102 pro
1324 1998 1505 2075 sufficienti
1526 2024 1730 2102 argumento
1756 2008 1945 2082 venditare

275 2164 288 2185 .
406 2073 563 2196 {issff'if
588 2105 686 2178 velit.
738 2110 827 2193 Quae
850 2101 894 2174 de
910 2100 1321 2177 Michaele&Metatron
1336 2099 1489 2172 Rcbbini
1504 2099 1665 2173 nonnulli
1673 2103 1855 2200 garriunt,
1868 2105 1945 2204 plu·

408 2219 556 2300 Merme»,
587 2203 683 2276 ribus
708 2202 826 2274 invitis
846 2246 857 2282 ,
885 2223 924 2270 ea
943 2197 1189 2271 Cabbalillicas
1205 2220 1247 2269 ut
1266 2196 1461 2295 plurimum
1480 2220 1590 2297 nugas
1613 2189 1677 2269 elle
1698 2225 1714 2271 ι
1750 2199 1896 2298 quibus
1913 2201 1945 2276 id

292 2367 300 2384 ,
408 2281 570 2357 cabbatcstc·
585 2325 696 2371 unum
710 2294 786 2370 infit
803 2291 890 2378 sani,
915 2295 1018 2393 quod
1029 2294 1184 2391 Angelus
1199 2293 1327 2391 aliquis
1337 2293 1567 2391 praedicetur,
1592 2295 1657 2392 qui
1665 2288 1845 2393 supernus
1855 2306 1944 2374 Pon·

391 2386 443 2466 .“
458 2362 540 2440 sm·
586 2395 675 2470 tifex
693 2391 755 2477 stt,
783 2396 820 2466 &
832 2418 894 2489 per
912 2418 1020 2489 quem
1036 2385 1181 2465 accellus
1198 2392 1299 2463 nobis
1314 2413 1453 2488 paretur
1471 2390 1515 2464 ad
1525 2400 1675 2464 Patrem.
1728 2395 1858 2484 Cujus
1869 2421 1943 2470 mo·

484 2520 487 2528 ·
586 2487 750 2566 mentosae
769 2516 807 2564 ac
827 2489 1090 2563 fundamentalis
1111 2488 1265 2559 veritatis
1283 2489 1448 2585 reliquias
1466 2489 1537 2562 laeti
1548 2490 1584 2562 in
1593 2489 1838 2565 Hebraeorum
1848 2492 1943 2567 libris

584 2589 745 2689 legimus.
794 2590 840 2660 Et
857 2581 898 2660 fic
918 2582 986 2660 sese
1008 2588 1084 2660 vim
1099 2590 1307 2658 intonatum
1330 2581 1391 2659 fibi
1416 2587 1590 2661 rationum
1622 2583 1703 2659 satis
1730 2583 1861 2663 elistlle
1884 2591 1944 2665 viri

432 2741 434 2746 -
584 2685 677 2757 docti
692 2685 911 2758 arbitrantur.

406 2797 513 2868 xxiv.
685 2785 822 2855 XXIV.
859 2785 1034 2853 Caeterum
1061 2803 1124 2853 nec
1148 2775 1296 2855 adversae
1312 2774 1490 2853 sententiae
1507 2781 1667 2879 patroni,
1693 2782 1759 2879 qui
1782 2781 1943 2858 Michae-

408 2872 546 2967 Tabale-
588 2878 659 2952 lem
678 2882 715 2951 &
729 2875 903 2950 Christum
919 2902 983 2975 pro
996 2876 1122 2949 eodem
1137 2874 1288 2961 habent,
1316 2878 1361 2949 ad
1376 2880 1531 2976 primum
1550 2878 1747 2952 conflictum
1766 2881 1940 2956 viuasfa·

290 2987 302 3006 ‘
409 2951 561 3078 ‘l’⁴”3“',·
589 2975 654 3050 cile
672 2999 793 3048 manus
809 2973 920 3047 dant:
945 2970 979 3046 se
997 2998 1142 3073 quoque
1159 2972 1338 3048 instructos
1356 2975 1509 3076 urqbone
1522 2978 1606 3057 rati,
1634 3000 1707 3073 quo
1719 2972 1939 3053 immill'are-

305 3159 308 3166 Ι
407 3040 561 3178 :mam
589 3073 711 3146 tudant
731 3066 871 3168 spicula.
920 3076 1006 3145 Non
1033 3073 1126 3144 enim
1147 3065 1256 3143 deelle
1283 3067 1345 3144 srbi
1365 3071 1467 3170 quod
1487 3095 1604 3145 contra
1625 3075 1876 3171 argutantibus
1892 3099 1941 3148 re-
1980 3081 1982 3112 ¹

408 3180 523 3255 cernet,
588 3191 729 3269 ponant.
777 3166 931 3243 Postulat
953 3169 1258 3268 itaqueaequitas,
1286 3190 1325 3241 ut
1344 3194 1425 3266 quae
1443 3168 1563 3242 dicunt
1579 3169 1701 3241 ordine
1723 3165 1866 3270 singula
1883 3197 1942 3246 cx·
1980 3209 1982 3214 ·

409 3255 562 3336 Wl‘st'*
587 3266 780 3365 pediantur.
832 3264 890 3338 Ad
902 3271 1040 3363 prinum
1057 3287 1299 3363 argumentum
1316 3263 1472 3339 observat
1492 3262 1780 3362 Cloppcnburgim,
1807 3268 1881 3343 loco
1900 3271 1939 3344 ci·

404 3340 564 3480 {ima
588 3382 676 3446 tato,
699 3367 744 3448 a.
764 3384 822 3455 23.
847 3364 992 3437 minime
1011 3362 1187 3460 liquidum
1205 3357 1292 3445 elle,
1318 3363 1420 3462 quod
1435 3388 1466 3437 1.
1481 3360 1596 3435 Thell.
1614 3386 1675 3435 lv:
1697 3366 1751 3434 16.
1781 3365 1942 3440 Archan-

410 3488 569 3547 Dmim.
584 3457 1485 3638 gelupeahsschpffiosffipssppigrippiqiceldiglingupt‘qr:
1511 3456 1941 3646 pollumuqqlnimffi

602 3584 662 3630 um
737 3585 749 3630 1
1251 3609 1262 3630 .
1300 3583 1368 3630 am.
1472 3585 1483 3629 ε
1529 3583 1561 3634 1.
1608 3583 1680 3632 nont

588 3675 686 3730 verat
700 3654 736 3742 sc
754 3654 890 3745 jehova
903 3651 1045 3725 Scenuclt'
1062 3656 1097 3725 in
1115 3602 1226 3740 Silob,
1248 3658 1285 3726 in
1296 3649 1394 3728 verbo
1409 3585 1560 3747 Jetcic.
1586 3582 1684 3738 qUt,
1701 3657 1942 3751 quemadmo-

591 3753 677 3825 dum
696 3751 767 3825 illic
790 3773 833 3821 ex
859 3747 1036 3821 onendum
1050 3746 1122 3831 est,
1148 3752 1184 3821 in
1200 3747 1299 3825 verbo
1319 3751 1478 3845 Jcbove,
1502 3757 1535 3826 in
1558 3748 1657 3826 verbo
1674 3748 1754 3839 suos
1781 3747 1942 3828 similiter

588 3852 627 3925 &
645 3848 700 3931 hic
717 3773 906 3927 celeuliria,
933 3847 971 3918 δε
989 3869 1061 3919 vox
1073 3842 1300 3945 Archangeli,
1328 3874 1390 3921 nec
1415 3874 1484 3922 non
1500 3853 1570 3942 Dei
1589 3849 1698 3931 tuba,
1718 3849 1940 3950 intelligatur

589 3939 777 4025 celeusma,
805 3944 842 4014 &
860 3966 934 4014 vox
952 3944 1085 4015 actuba
1103 3938 1207 4054 ipsius
1225 3942 1350 4017 Christi
1363 3948 1530 4027 Domini,
1557 3971 1628 4046 qua
1645 3948 1681 4019 in
1694 3942 1856 4042 glorioso
1875 3947 1939 4022 illo

587 4042 739 4114 adventu
760 4037 823 4110 suo
846 4034 878 4109 se
896 4038 1140 4113 demonstrabit
1156 4038 1410 4141 Archangelum
1424 4046 1462 4115 δε
1476 4050 1605 4117 Deum.
1657 4044 1870 4140 Eleganter,
1898 4063 1938 4116 ut

586 4134 695 4218 solet,
725 4135 967 4230 Vogelsangiuc:
996 4142 1113 4213 Exere.
1126 4135 1232 4210 lbcol.
1241 4156 1275 4235 p.
1289 4147 1370 4230 623.
1396 4138 1539 4215 Tantum.
1546 4139 1701 4236 Angulani
1717 4163 1850 4215 nanneno
1871 4146 1941 4218 Ar·
1981 4149 1983 4168 '

587 4234 769 4327 changeium
787 4232 928 4327 legimur.
975 4235 1056 4333 Qc‘
1079 4233 1219 4319 (brillac
1232 4231 1301 4318 cst,
1325 4236 1488 4314 Salvator.
1539 4239 1618 4335 ,Qui
1634 4240 1673 4313 cl*
1701 4255 1861 4312 vntum
1878 4238 1943 4312 au-

486 4413 493 4426 ,Ι
587 4336 710 4431 quando
730 4334 848 4404 dicitur
865 4356 936 4404 cum
945 4314 1132 4419 celeusmate
1147 4354 1243 4429 atque
1258 4357 1335 4407 voce
1350 4335 1567 4432 Archangeli,
1593 4339 1650 4411 boc
1668 4335 1711 4423 est
1722 4334 1784 4409 cati
1792 4359 1868 4409 caan
1879 4360 1942 4411 vo·

437 4533 439 4544 Ι
586 4454 648 4516 ce,
672 4452 736 4531 quc
748 4427 814 4521 sese
836 4427 1060 4518 dennaltabit
1081 4434 1260 4530 principer
1272 4434 1497 4528 anctorum,
1519 4457 1644 4534 quaque
1664 4453 1727 4535 pro
1744 4434 1943 4511 annornm

1832 4552 1942 4610 mm
