4667 5442
475 485 576 606 708
795 477 1014 569 ORATIO
1058 467 1236 564 Inlue.
1272 463 1533 558 Latoius.
1627 443 1634 452 ’

469 639 551 716 loco
570 642 772 738 &tempore
789 636 958 718 alienam,
985 658 1098 731 neque
1118 634 1210 706 aetati
1231 633 1268 706 &
1289 630 1503 729 professioni
1519 623 1622 704 meae¹
1641 627 1821 716 indecoram,

476 761 590 835 neque
610 736 787 810 benevolis
807 734 943 806 auribus
954 727 1071 805 vestris
1090 732 1260 828 ingratam
1273 730 1345 802 sore
1366 729 1575 802 arbitratus
1594 723 1688 803 suin.
1735 733 1823 802 Nini·

475 856 553 908 rum
573 834 616 907 de
640 836 891 904 MODESTIA
910 830 1046 910 dicam,
1074 852 1113 898 ea
1125 828 1298 923 imprimis
1308 852 1390 923 quae
1403 825 1613 898 hominem
1628 829 1823 899 THEOLO·

477 931 593 1004 GUM
613 929 740 1010 decet,
769 950 918 1025 quaeque
937 928 972 998 in
993 948 1106 996 rerum
1130 924 1338 996 Divinarum
1356 924 1585 996 tractatione
1607 918 1764 1020 religiose
1782 921 1825 996 ser·

479 1025 591 1096 vanda
610 1024 668 1098 est.
720 1025 838 1097 Virtus
860 1024 1034 1102 enimvero
1048 1021 1207 1092 omnium
1221 1046 1284 1116 pro
1311 1019 1569 1092 emortalium
1592 1017 1823 1092 laudibusttlt·

479 1121 596 1202 brata,
624 1117 682 1193 sed
699 1120 886 1193 amoribus
905 1116 1005 1207 hujus
1023 1113 1125 1187 seculi
1140 1115 1227 1186 adeo
1242 1045 1461 1197 abllorrens,
1492 1138 1537 1187 ut
1553 1118 1595 1186 in
1609 1111 1823 1212 disputanti!

481 1216 746 1313 Theologotum
768 1214 986 1286 cathedris&
1005 1208 1156 1307 scriptis,
1184 1236 1265 1285 cum
1284 1214 1450 1285 affinium
1461 1208 1532 1283 sibi
1546 1237 1591 1284 ac
1605 1207 1823 1286 necessariam

480 1315 650 1385 virtutum
670 1311 857 1407 choragio,
884 1333 955 1382 rara
967 1308 1159 1382 admodum
1179 1329 1350 1405 appareat.
1404 1306 1649 1380 Modestiam
1664 1309 1823 1407 quumlai·

481 1409 552 1489 do,
575 1432 650 1479 eam
663 1407 823 1503 intelligo
837 1408 943 1478 animi
964 1405 1050 1476 bene
1069 1400 1248 1500 compositi
1269 1402 1567 1501 aequabilitatem
1589 1451 1603 1486 ,
1665 1431 1708 1477 ua
1724 1405 1822 1504 quitdt

481 1500 663 1599 semetipso
682 1502 820 1574 modice
840 1548 851 1583 ,
879 1501 923 1572 de
941 1500 1017 1574 aliis
1033 1499 1191 1597 praeclare
1208 1496 1352 1572 sentiens
1374 1545 1386 1581 ,
1418 1500 1622 1573 tractanda
1635 1433 1709 1576 libi
1723 1503 1820 1600 negoti

481 1599 641 1696 prudenti
654 1597 888 1671 moderatione
902 1622 944 1669 ex
973 1598 1064 1677 edit,
1091 1599 1143 1667 uti
1157 1591 1370 1693 singulorum
1380 1620 1552 1680 naturae,
1578 1598 1720 1681 indoli,
1735 1622 1820 1673 acino·

482 1715 601 1769 mento
623 1691 886 1765 consentaneum
914 1623 972 1766 es
1025 1691 1177 1764 Monstra
1208 1691 1295 1764 milii
1320 1692 1517 1765 hominem
1543 1740 1558 1776 ,
1592 1699 1662 1793 qui
1685 1691 1731 1767 sui
1747 1715 1820 1790 ntqit

483 1812 677 1865 contemtor
695 1814 807 1888 neque
825 1789 1011 1862 admirator
1029 1784 1093 1874 sit3
1117 1789 1179 1884 qui
1194 1790 1331 1863 Divinae
1344 1785 1621 1864 munificentiae
1644 1793 1748 1872 dona,
1766 1815 1817 1888 pro·

482 1886 539 1959 cul
556 1886 710 1967 invidia,
737 1911 841 1982 aequo
860 1889 972 1983 pretio
994 1889 1028 1959 in
1048 1886 1123 1958 aliis
1136 1882 1301 1971 aestimat3
1326 1888 1388 1982 qui
1402 1880 1562 1959 affectus
1577 1890 1620 1960 iii
1634 1891 1816 1962 ordinante·

472 2004 584 2080 ¹gere,
608 1985 643 2053 δι
663 1984 841 2065 animum,
868 1985 1044 2080 linguam,
1072 1981 1185 2054 stilum
1210 1982 1379 2053 moderari
1397 1982 1570 2070 didicit3
1601 1989 1671 2084 qui
1690 2011 1737 2058 res
1751 2005 1816 2082 qvir·

485 2103 556 2176 que
568 2075 635 2151 suis
648 2078 832 2175 prudenter
851 2081 1036 2151 momentis
1048 2078 1174 2159 librat,
1203 2073 1324 2175 easque
1337 2080 1385 2150 ita
1409 2077 1665 2178 prosequitur
1682 2085 1729 2154 uti
1743 2078 1812 2178 sigi·

485 2175 599 2249 larum
614 2178 719 2274 genio
741 2178 925 2261 convenit3
951 2176 1013 2271 qui
1034 2199 1145 2271 neque
1161 2176 1188 2247 ii
1216 2174 1293 2246 idus
1313 2199 1428 2271 neque
1452 2178 1595 2252 mollis
1618 2179 1693 2263 esi,
1718 2176 1812 2250 sedni·

392 2325 394 2330 -
488 2271 645 2356 (labilis,
671 2267 737 2344 fine
754 2267 1029 2368 pusillanimitate
1042 2271 1153 2354 lenis,
1180 2197 1471 2344 sneleniitudine
1488 2278 1668 2372 patiens,
1690 2272 1812 2350 fiieteii·
1854 2281 1856 2332 l

463 2395 465 2400 ·
486 2370 588 2440 citate
609 2371 744 2465 gravis,
773 2363 840 2440 sine
858 2370 1013 2458 jastantia
1026 2366 1148 2450 sortis,
1177 2365 1243 2441 fine
1262 2370 1485 2444 contumacia
1514 2373 1716 2447 constans:
1737 2371 1808 2448 uini

484 2466 653 2561 inquam,
678 2464 764 2537 mihi
782 2463 967 2539 monstraro
981 2464 1181 2547 hominem,
1209 2468 1245 2537 δε
1266 2489 1344 2538 eum
1361 2488 1430 2563 ego
1452 2492 1546 2541 vere
1570 2465 1810 2544 Mousstrvd

487 2563 655 2638 VlRUM
673 2562 871 2659 appellabo.
924 2565 995 2648 Qui
1015 2564 1108 2634 idem
1127 2558 1151 2634 si
1173 2586 1293 2635 omnes
1311 2561 1408 2634 hasce
1425 2564 1601 2640 virtutes
1625 2563 1810 2642 adierint}

485 2657 641 2728 vinarum
657 2659 889 2730 tractationem
903 2658 1075 2742 conferet,
1102 2655 1211 2757 iisque
1225 2662 1454 2732 reverentiam
1469 2661 1596 2738 addet
1613 2691 1697 2762 quae
1711 2683 1810 2738 trenta·

486 2749 541 2822 dis
565 2752 743 2850 religionis
762 2752 883 2825 nostrae
899 2754 1067 2850 mysteriis
1087 2755 1250 2838 debetur,
1279 2755 1427 2829 eundern
1453 2783 1533 2857 ego
1565 2755 1807 2836 MODESl'llll

485 2843 641 2918 salutabo
661 2852 1011 2926 THEOLOGUM:
1047 2852 1100 2923 illi
1120 2851 1285 2951 assurgam
1305 2900 1315 2935 ,
1342 2855 1377 2925 in
1395 2853 1504 2928 illius
1527 2860 1721 2957 amplexus
1736 2877 1812 2930 intui

485 2940 588 3015 illum
602 2939 849 3027 exosculabor,
876 2947 971 3020 illius
984 2952 1109 3044 pestori
1128 2950 1325 3023 admovebo
1344 2974 1467 3022 meum
1490 2999 1503 3034 ,
1536 2963 1708 3054 arctoque
1722 2949 1819 3024 amoris

485 3063 579 3112 nexu
598 3042 846 3137 comprimam,
874 3043 983 3118 donec
1000 3046 1229 3120 venerabilem
1255 3047 1353 3118 istum
1371 3043 1632 3126 charasterem
1651 3053 1735 3126 menti
1747 3067 1820 3118 nite

355 3219 358 3224 Ι
484 3131 711 3232 impressero,
740 3141 1002 3234 exprimendum
1024 3143 1192 3216 moribus.
1245 3142 1579 3233 Qiemadmodurn
1605 3147 1818 3236 oculandi-

486 3231 541 3304 dis
558 3256 617 3305 aut
631 3234 841 3306 admirandis
862 3233 1059 3332 spectaculis
1078 3265 1147 3311 non
1171 3241 1268 3312 facile
1284 3239 1447 3313 recedunt
1466 3288 1479 3324 ,
1512 3243 1603 3318 &si
1627 3273 1689 3346 per
1702 3247 1760 3318 iiiii
1772 3259 1820 3310 ως

485 3325 653 3404 abstrahas
672 3376 683 3411 ,
711 3328 831 3425 sponte
849 3327 907 3404 sua
926 3334 1049 3407 eodem
1065 3331 1176 3409 rursus
1195 3337 1370 3422 seruntur,
1396 3337 1444 3408 ita
1470 3341 1512 3411 &
1537 3369 1655 3419 mens
1674 3347 1729 3417 vix
1741 3341 1819 3412 aba·

485 3447 564 3497 rum
585 3450 698 3500 terum
718 3429 1010 3525 contemplatione
1026 3430 1209 3515 avellitur,
1237 3457 1316 3531 quae
1331 3435 1446 3528 primo
1466 3436 1620 3513 intuitu
1645 3439 1713 3514 suis
1728 3435 1756 3512 se
1770 3433 1815 3508 ilit-
1853 3423 1856 3478 l

486 3518 596 3594 cebris
614 3525 731 3596 animo
758 3521 979 3599 insinuarunt.
1030 3532 1074 3599 Et
1097 3524 1189 3600 ficuri
1210 3533 1359 3628 ingentis
1381 3533 1490 3626 pretii
1523 3539 1723 3613 cimelium
1736 3551 1813 3608 eri·

485 3641 561 3697 ro,
594 3618 859 3708 adamantibus,
889 3624 1101 3720 margaritis,
1129 3625 1250 3698 ordine
1276 3628 1444 3699 concinno
1475 3628 1657 3720 locatis,
1687 3617 1814 3709 artifici&
1853 3621 1856 3626 ¹

485 3712 738 3808 compositum,
767 3716 811 3786 ad
830 3720 981 3813 primum
1003 3716 1252 3817 confusumque
1274 3723 1497 3818 adspectum,
1530 3752 1595 3804 tot
1618 3737 1658 3806 in
1673 3721 1818 3805 uminisil·

485 3829 607 3904 gorem
630 3812 782 3885 collectis
798 3814 1011 3887 rutilantium
1033 3838 1249 3913 gemmarum
1268 3819 1395 3900 radiis,
1422 3822 1563 3897 oculos
1588 3830 1768 3926 percellit,
1786 3817 1821 3894 stl

486 3908 523 4013 βε
545 3929 630 4016 mox
644 3906 782 3980 eosdem
800 3912 848 3981 ita
867 3911 903 3983 in
917 3906 950 3982 se
966 3907 1086 4010 defigit
1105 3959 1116 3996 ,
1145 3937 1184 3986 ut
1203 3903 1331 4012 singula
1350 3915 1516 4013 undique
1535 3929 1710 4023 repetitis
1726 3921 1823 3998 vicilia

486 4020 609 4072 intueri
628 4004 756 4102 volupe
776 4001 847 4091 sit,
883 4006 928 4078 ad
953 4011 1100 4082 eundem
1121 4010 1268 4082 modum
1296 4037 1334 4083 ea
1361 4036 1473 4109 quam
1508 4023 1646 4094 animo
1669 4013 1825 4097 deformi

486 4096 707 4206 MODESTI
734 4106 995 4176 THEOLOGl
1021 4106 1174 4203 effigies,
1202 4131 1271 4179 tam
1282 4108 1399 4205 pulcra
1411 4130 1568 4210 tamque
1581 4121 1748 4194 amabilis
1758 4137 1826 4190 mtu-

483 4212 511 4263 ti
528 4191 749 4280 obversatur,
778 4223 816 4272 ut
834 4199 1014 4273 &diutius
1035 4204 1107 4290 ejus
1128 4206 1410 4300 contemplationi
1428 4206 1615 4286 inhaerere
1626 4263 1640 4298 ,
1671 4221 1707 4290 bc
1727 4207 1825 4312 singih

482 4312 562 4398 quae
582 4290 688 4465 ipsam
708 4291 888 4370 absolvunt
908 4300 1052 4393 propius
1071 4297 1242 4380 lustrare,
1284 4325 1352 4371 non
1373 4303 1580 4390 jucundum
1612 4316 1856 4409 minusqiai,

481 4385 568 4462 utile
624 4411 740 4464 turum
756 4387 819 4464 elle
840 4395 1001 4470 credam:
1028 4389 1215 4470 fisortallis
1232 4417 1360 4471 attenta
1378 4419 1434 4472 tot
1456 4423 1547 4500 quae
1570 4407 1637 4486 hic
1651 4423 1828 4488 concurrunt

1686 4509 1828 4582 virtum
1854 4493 1856 4500 ’
