4667 5442
515 868 581 952 Da
606 865 798 970 Ursus,
825 868 1044 972 Sinonis,
1071 875 1304 957 Ριιιοοιι.
1323 870 1499 957 Assrnr.
1614 883 1696 978 647
1804 967 1807 974 ,

347 1048 414 1198 pet
432 1048 565 1099 caruem
586 1027 763 1101 debilitata
781 1027 885 1111 sunt,
913 1032 973 1102 vix
993 1029 1038 1102 est
1063 1053 1102 1102 ut
1120 1032 1236 1104 animo
1254 1029 1297 1101 ad
1319 1027 1463 1102 solidam
1483 1028 1694 1105 securitatem
1705 1051 1774 1107 crum
1784 1046 1868 1120 ficare

366 1124 529 1196 ufficiant.
581 1131 698 1196 Nemo
717 1128 808 1199 enim
829 1125 874 1199 est
896 1128 1008 1224 quin,
1037 1127 1145 1200 modo
1166 1126 1208 1200 ad
1229 1124 1261 1198 se
1273 1126 1383 1223 ipsum
1397 1129 1566 1210 attendat,
1596 1127 1802 1207 facilermie

349 1215 621 1316 deprehensurus
640 1218 699 1304 srt,
727 1224 830 1296 tantis
843 1222 914 1298 haec
934 1226 1052 1296 omnia
1064 1224 1168 1296 naevis
1189 1223 1372 1305 laborare,
1398 1246 1436 1294 ut
1447 1226 1568 1297 anxius
1579 1221 1696 1300 salutis

346 1310 423 1392 suae
437 1320 571 1391 animus
590 1317 772 1393 difficulter
791 1317 849 1392 srbi
865 1323 900 1393 in
914 1315 1152 1420 dignoscendis
1174 1319 1243 1394 istis
1258 1317 1357 1419 fignis
1370 1316 1559 1394 satisfaciat.
1597 1324 1694 1398 Prius

293 1483 296 1492 ,
348 1437 376 1486 o
403 1435 495 1486 ortet
508 1417 671 1513 Spiritum
686 1418 830 1490 Domini
841 1420 984 1515 gratiam
998 1414 1093 1490 suam
1106 1417 1220 1490 nostro
1238 1411 1555 1514 revelarespiritui,
1582 1421 1696 1494 &nos

347 1439 423 1584 fide
441 1511 567 1584 donare
587 1537 656 1609 qua
672 1512 905 1588 testimonium
925 1512 1016 1586 illud
1032 1513 1153 1586 Divini
1179 1515 1325 1611 Spiritus
1343 1515 1568 1610 recipiamus,
1594 1538 1696 1589 uteo
1819 1555 1839 1578 -

345 1605 550 1682 testimonio
569 1614 719 1685 contenti
732 1613 885 1684 animum
906 1609 1191 1706 tranquillemus,
1218 1633 1401 1707 antequam
1419 1608 1531 1686 ullum
1543 1607 1699 1685 [andita-

347 1705 399 1778 tis
420 1705 572 1780 officium
589 1728 692 1778 tantae
703 1710 752 1779 rei
769 1705 979 1780 evidentiam
994 1706 1176 1796 conciliare
1185 1728 1302 1818 queat.
1353 1711 1401 1779 At
1410 1706 1591 1803 postquam
1601 1705 1696 1781 telli-

346 1801 512 1880 monium
530 1803 652 1876 Divini
667 1806 815 1900 Spiritus
832 1800 900 1875 fide
915 1823 1090 1901 receptum
1110 1798 1322 1878 securitatem
1338 1803 1692 1902 animoingeneravit,

344 1919 434 1974 tunc
451 1896 544 1971 dona
562 1901 683 1972 Divini
701 1902 848 1998 Spiritus
862 1925 930 1972 una
949 1923 1030 1974 cum
1044 1900 1174 1998 Spiritu
1192 1900 1339 1974 Domini
1352 1901 1388 1974 dt
1408 1900 1510 1976 corde
1540 1899 1693 1976 hominis

343 1993 518 2074 credentis
528 1995 760 2071 testimonium
775 1997 965 2094 perhibent.
1357 2073 1360 2080 ,

321 2089 330 2096 '
452 2097 546 2168 v111.
573 2118 608 2167 v.
631 2093 781 2182 Quando
799 2093 925 2168 Paulus
946 2090 1036 2169 Phil.
1063 2115 1153 2172 111:
1178 2102 1211 2172 8.
1234 2095 1351 2167 omnia
1371 2087 1404 2166 se
1421 2117 1484 2191 pro
1510 2095 1638 2169 damno
1656 2095 1779 2166 &VllL
1796 2095 1874 2190 Οιζιί·

345 2186 553 2266 stercoribus
568 2189 690 2262 ducere
709 2190 865 2272 testatur,
894 2212 1033 2288 propter
1046 2192 1266 2263 eminentiam
1276 2191 1485 2360 cognitionis
1497 2190 1621 2265 Christi
1635 2196 1691 2291 Je-
1701 2195 1743 2231 ”¹⁴
1759 2171 1852 2305 {sess

344 2281 410 2369 su,
437 2288 475 2359 &
493 2308 532 2359 ut
549 2285 724 2364 Christum
744 2287 979 2368 lucrifaceret,
1006 2288 1049 2361 iis
1070 2287 1214 2370 verbis,
1242 2311 1315 2385 quo
1361 2285 1403 2359 ad
1422 2284 1691 2376 justificationem
1700 2270 1751 2383 ἔστ,
1772 2265 1825 2398 ‚ffi'

344 2407 467 2458 eoram
475 2388 554 2455 Deo
566 2386 708 2466 attinet,
737 2385 852 2458 omnia
866 2410 970 2483 opera
980 2384 1154 2466 excludit,
1182 2407 1256 2455 tum
1267 2383 1489 2482 praecedentia
1501 2407 1598 2467 ,tum
1610 2409 1689 2457 eon·
1692 2401 1784 2475 sardes
1801 2402 1838 2463 ὸν

342 2475 527 2580 sequentia
545 2477 649 2553 fidem
670 2527 682 2564 ,
709 2485 761 2556 uti
777 2481 969 2579 praeclarea
989 2489 1085 2560 Beca
1107 2476 1323 2554 observatum
1341 2478 1398 2555 est.
1450 2482 1507 2553 Ad
1527 2483 1621 2570 cujus
1643 2479 1787 2554 reisstrcu
1801 2472 1857 2553 ‘s‘0

349 2575 623 2654 elucidationem
634 2578 794 2653 conducit
804 2582 1072 2653 animadvertere
1090 2577 1164 2652 haec
1183 2574 1370 2673 sequentia.
1425 2603 1457 2652 1.
1474 2580 1603 2652 Gratiae
1613 2579 1692 2675 Spi-

343 2677 439 2752 ritus
457 2670 687 2750 sandificantis
706 2676 861 2773 limpide
874 2677 1111 2771 mundaequee
1131 2671 1316 2771 scamrigne
1330 2673 1386 2747 sua
1406 2675 1594 2772 profluunt.
1634 2699 1691 2748 ιι.

342 2772 500 2864 Quando
517 2793 631 2844 autem
653 2773 808 2845 cordium
827 2772 1019 2846 nostrorum
1039 2771 1126 2843 vitio
1143 2770 1345 2843 infestorum
1358 2771 1489 2845 canales
1501 2792 1689 2869 permeant,

343 2895 396 2946 ex
413 2869 557 2943 illorum
579 2864 737 2943 sordibus
760 2868 1016 2942 immunditiem
1036 2864 1252 2943 contrahunt.
1309 2889 1345 2940 ιι
1358 2891 1389 2942 1.
1414 2874 1532 2966 Atque
1548 2866 1627 2943 hinc
1645 2865 1694 2941 est

372 2965 449 3039 uod
467 2967 601 3064 optima
613 2990 762 3063 quaeque
780 2966 892 3039 officia
912 2988 1017 3062 atque
1037 2967 1195 3041 exercitia
1211 2961 1322 3038 nostra
1343 2965 1478 3061 polluta
1506 2962 1580 3039 srnt.
1637 2990 1692 3040 ιν.

340 2993 647 3160 &consequenter
654 3088 718 3159 pro
728 3062 853 3154 justitia
864 3061 974 3138 noslra
987 3089 1103 3138 coram
1116 3060 1277 3138 tribunali
1289 3065 1357 3134 Dei
1371 3058 1495 3137 censeri
1505 3083 1691 3159 nequeant.

340 3185 381 3238 v.
403 3157 537 3235 ldcirco
557 3159 689 3234 nonest
710 3186 767 3234 tur
780 3162 823 3234 de
837 3161 959 3234 officiis
974 3166 1061 3234 reste
1076 3159 1232 3258 prestitis
1254 3159 1467 3257 gloriemur,
1494 3180 1554 3232 aut
1568 3184 1691 3235 eorum

330 3247 454 3340 uulsa
464 3283 528 3331 nos
540 3258 822 3332 commendemus
834 3263 935 3344 De03
961 3254 1018 3332 sed
1027 3261 1144 3357 potius
1154 3257 1289 3356 pudore
1300 3250 1411 3330 suffusr
1420 3256 1597 3331 humiliter
1614 3281 1693 3355 pte·

328 3377 464 3434 cemus
482 3357 630 3431 veniam.
682 3381 740 3430 v1.
755 3357 968 3455 Quidquida
984 3359 1085 3429 nobis
1095 3350 1336 3453 proficiscitur,
1365 3353 1691 3451 comparatumcum

316 3452 518 3556 purissima
534 3455 602 3525 Dei
616 3451 811 3534 sanctitate,
836 3449 986 3548 respesiu
999 3451 1202 3524 adhaerentis
1222 3449 1519 3546 imperfectionis,
1548 3473 1626 3544 quae
1647 3472 1692 3520 ex

319 3553 500 3628 mixtura
528 3547 748 3620 inhabitantis
778 3550 813 3619 in
843 3550 945 3618 nobis
965 3550 1094 3641 peccati
1125 3545 1201 3625 ell,
1237 3548 1340 3615 efficit
1362 3566 1400 3615 ut
1419 3545 1530 3618 officia
1550 3569 1569 3615 a
1589 3541 1691 3614 nobis

314 3643 526 3752 ¹praestita,
554 3638 631 3713 siin
652 3640 684 3713 se
704 3638 953 3714 considerentur
965 3685 979 3721 ,
1006 3641 1055 3712 nil
1074 3636 1134 3711 nisr
1158 3637 1280 3712 llercus
1298 3636 1370 3711 srnt.
1420 3661 1505 3711 vn.
1528 3642 1690 3710 Attamen

358 3769 404 3820 er
420 3736 525 3810 fidem
534 3739 569 3808 in
585 3734 757 3810 Chrillum
769 3735 949 3808 omnisilla
987 3757 1177 3808 eccatorum
1188 3731 1380 3806 nostrorum
1389 3730 1566 3831 spurcities
1578 3731 1693 3806 ablui·

293 3759 399 3918 En
419 3859 482 3935 pcr
500 3830 696 3915 Christum,
717 3834 854 3932 quiea,
878 3823 938 3902 suo
955 3759 1062 3904 solius
1082 3827 1242 3930 sanguine
1260 3830 1446 3913 mundata,
1472 3835 1553 3902 Deo
1564 3854 1691 3928 reprae·
1729 3849 1731 3854 ·

293 3935 477 4018 finnt,
507 3933 679 4026 efficitque
698 3953 736 4002 ut
752 3932 782 4002 ei
795 3950 891 4026 grata
911 3950 1015 4026 atque
1028 3951 1164 4026 accepta
1184 3924 1267 4000 srnt:
1293 3928 1390 4023 quod
1413 3951 1482 4000 non
1496 3926 1602 4010 facit,
1628 3920 1690 4000 nisr

295 4034 450 4116 nobis
466 4026 543 4129 ipsrs
558 4029 747 4125 nostraeque
759 4027 893 4119 justitiae
903 4022 1037 4121 prorsus
1048 4027 1369 4108 renunciaverimus,
1389 4047 1533 4121 eamque
1547 4048 1690 4100 omnem

293 4149 411 4242 pro
430 4126 560 4201 damno
581 4129 618 4199 &
645 4123 786 4200 llercore
816 4125 1102 4219 reputaverimus.
1155 4147 1192 4195 vr
1208 4146 1264 4196 ιι.
1297 4125 1459 4218 Denique
1487 4144 1597 4219 quum
1624 4143 1691 4196 noe

293 4225 426 4332 ¹952
455 4229 491 4298 δι
511 4221 701 4322 spirituales
717 4219 835 4294 hostiae
854 4243 939 4317 quas
952 4223 1031 4291 Deo
1043 4213 1219 4293 offerimus
1239 4266 1250 4301 ,
1277 4243 1424 4316 acceptae
1438 4224 1516 4290 Deo
1539 4243 1608 4292 non
1626 4213 1691 4292 sunt

293 4323 401 4404 nisr
419 4347 480 4420 per
498 4317 615 4422 Jesum
638 4317 833 4399 Christum,
864 4341 896 4391 1.
915 4323 1006 4390 Petr.
1023 4341 1059 4392 ιι
1080 4345 1090 4389 a
1114 4335 1148 4406 5.
1178 4316 1270 4390 nefas
1290 4314 1335 4388 est
1354 4338 1485 4390 tantum
1508 4314 1551 4386 de
1571 4313 1691 4390 sandi·

293 4422 465 4502 monia
486 4418 596 4493 nostra
614 4438 876 4594 quantacunque
895 4407 1120 4511 praesumere,
1147 4436 1187 4485 ut
1207 4434 1349 4510 propter
1366 4436 1465 4494 earn,
1493 4413 1529 4486 in
1553 4409 1587 4485 se
1606 4438 1690 4490 eou-

293 4507 543 4603 Rderatarn,
569 4518 607 4592 δι
637 4514 830 4608 ejundima
848 4507 1008 4598 chisto,
1035 4515 1117 4586 Deo
1137 4534 1201 4588 nos
1219 4510 1353 4610 placere
1364 4505 1589 4610 postulemus.

1555 4846 1557 4852 ·
1590 4805 1683 4878 Car.
1784 4803 1797 4820 '
