4667 5442
443 587 453 603 Ι
542 514 581 618 4
806 489 1522 587 Extractrarro
1593 493 1627 587 1.

544 664 608 763 qui
624 663 673 736 ita
688 662 899 761 opinentura
923 659 978 737 his
991 659 1204 761 potillimum
1218 661 1346 737 inducti
1356 661 1560 738 rationibus.
1612 666 1642 738 1.
1664 664 1758 756 Quia
1782 655 1899 738 hissa

571 755 724 835 rohtetur
741 760 938 835 Dominum
956 755 1096 843 vidille,
1122 787 1194 835 non
1212 762 1322 860 prius.
1374 766 1420 835 11.
1447 762 1541 851 Quia
1558 757 1718 835 hactenus
1736 761 1899 863 impurus

545 786 648 935 labiis
662 855 749 940 fuit,
775 881 889 955 neque
904 856 950 929 ad
958 853 1058 931 sandi
1069 859 1220 932 muneris
1231 856 1441 931 ursionem
1460 861 1525 931 rite
1544 877 1777 971 comparatio.
1827 864 1896 938 111.

549 956 643 1044 Quia
658 955 747 1027 circa
756 950 817 1026 has
830 955 1061 1052 apparitiones
1071 949 1104 1027 se
1115 955 1227 1053 gerit,
1253 975 1294 1026 ut
1302 978 1435 1047 novum
1444 954 1618 1066 planeque
1628 956 1897 1032 mexercitatum

566 1108 568 1111 -
589 1075 727 1133 ronem,
754 1049 912 1125 nondum
923 1050 967 1123 iis
977 1045 1186 1126 assuefactus.
1236 1055 1301 1125 tv,
1315 1052 1408 1139 Quia
1423 1050 1750 1126 vrdeturdetreliare
1762 1050 1897 1127 doeen-

474 1158 490 1198 ἵ
549 1075 749 1230 Zmunus,
774 1145 874 1246 quod
885 1170 956 1219 non
971 1140 1082 1220 fuisset
1096 1147 1266 1231 facturus,
1292 1142 1459 1240 sijamali
1486 1146 1631 1221 uamdiu
1643 1172 1686 1220 eo
1699 1147 1832 1223 fuan
1841 1144 1899 1221 es-

548 1240 612 1321 set.
663 1248 791 1342 Neque
801 1238 1002 1318 obstarehbi
1011 1265 1135 1341 putant
1145 1245 1329 1328 ordinem,
1356 1268 1430 1345 quo
1439 1248 1475 1317 vi
1488 1268 1523 1317 ιο
1534 1241 1595 1318 ista
1608 1266 1773 1320 narratur.
1796 1250 1899 1322 Nam

550 1344 588 1415 in
602 1339 803 1416 collectione
816 1337 1078 1439 prophetiarum
1096 1365 1168 1415 non
1187 1346 1301 1416 exacte
1318 1338 1451 1439 semper
1469 1342 1636 1438 temporis
1653 1342 1812 1416 ordinem
1829 1338 1899 1417 elle

550 1432 720 1513 servatum
735 1438 893 1537 ignorare
905 1461 976 1510 non
994 1429 1148 1534 pollunt,
1170 1440 1255 1537 qui,
1276 1460 1317 1512 ut
1333 1460 1454 1512 caetera
1469 1458 1621 1520 taceam,
1647 1442 1808 1538 Jeremiae
1826 1463 1900 1513 vo-

550 1534 670 1611 lumen
680 1533 797 1633 aliqua
808 1528 1076 1608 cumsedulitate
1094 1538 1287 1609 uastarunt.
1338 1533 1407 1610 Sed
1425 1535 1586 1634 quamvis
1604 1560 1676 1608 non
1692 1530 1761 1612 fine
1782 1532 1900 1634 speeie

408 1666 416 1674 ·
551 1632 670 1730 aliqua
689 1628 762 1703 haec
777 1632 825 1704 ita
836 1625 1075 1728 disputentur,
1102 1634 1217 1706 verius
1229 1653 1344 1705 tamen
1355 1625 1419 1703 ell'e
1428 1624 1570 1713 censeo,
1597 1630 1753 1707 exhiberi
1762 1631 1901 1708 hicno-

551 1730 607 1804 bis
624 1752 700 1800 eam
714 1720 901 1809 vifionem,
929 1751 1082 1825 nonque
1122 1726 1226 1802 esaias
1240 1726 1409 1897 Propheta
1420 1729 1573 1834 primum
1587 1726 1791 1805 conffitutus
1800 1776 1813 1815 ‚
1831 1727 1898 1806 sed

551 1850 622 1925 qua
644 1824 679 1897 in
702 1820 897 1924 Prophetici
915 1826 1067 1898 muneris
1146 1828 1257 1899 (lione
1271 1828 1306 1898 in
1320 1825 1445 1922 igniter
1464 1820 1684 1899 confirmatus
1698 1825 1757 1903 est.
1807 1833 1899 1908 Non

398 2008 403 2014 .
550 1918 651 2035 quod
668 1945 714 1994 ex
727 1920 824 1994 nudo
836 1922 1039 1996 narrationis
1050 1922 1172 1997 ordine
1189 1922 1329 2022 probari
1339 1920 1377 1993 id
1388 1914 1481 2020 polle
1492 1920 1711 2012 existimem
1734 1921 1795 1997 sed
1814 1950 1899 2024 par-

550 2041 617 2093 um
653 2020 712 2090 uia
722 2012 927 2118 inscriptio,
953 2040 1024 2092 tam
1034 2021 1160 2119 integri
1168 2018 1380 2100 voluminis,
1407 2042 1514 2116 quam
1524 2015 1627 2113 hujus
1660 2019 1840 2119 rophetiae‚
1850 2048 1898 2096 eo

551 2140 617 2190 nos
628 2043 752 2202 ducit3
776 2116 902 2213 partim
915 2114 1016 2213 quod
1025 2116 1440 2191 rationesincontrarium
1448 2114 1613 2213 prolatae‘
1662 2116 1895 2205 rmioressmt,

553 2238 660 2311 quam
669 2236 709 2289 ut
717 2205 879 2286 assensum
888 2214 1083 2312 impetrent.
1135 2219 1223 2288 Sane
1233 2210 1409 2312 inscriptio
1419 2212 1539 2311 capitis
1547 2214 1671 2312 primi,
1685 2214 1899 2309 Vafioffesaiae

551 2335 648 2405 quam
662 2314 748 2385 vidit
772 2313 804 2383 in
820 2306 930 2384 treber
951 2311 1036 2407 iffa
1055 2364 1067 2393 ,
1099 2311 1241 2404 jotham
1257 2314 1329 2387 &a
1356 2308 1556 2408 primordiis
1572 2310 1687 2386 multo
1698 2318 1811 2412 aptior
1831 2312 1894 2398 est,

540 2433 659 2520 ‚quam
671 2432 750 2505 quae
766 2404 847 2479 huic
858 2408 962 2505 capiti
973 2403 1172 2508 praeligitur.
1223 2409 1278 2481 lbi
1294 2431 1383 2483 certe
1394 2406 1572 2492 docemur,
1585 2404 1732 2521 Jesaiam
1741 2431 1899 2507 regnante

552 2528 744 2579 etiamnum
753 2506 834 2601 Uffia
868 2500 1069 2599 rophetalle.
1095 2509 1182 2579 Haec
1192 2528 1308 2580 autem
1318 2500 1403 2579 visto
1412 2504 1559 2602 contigit
1571 2530 1602 2577 er
1611 2530 1703 2580 anno
1712 2533 1785 2607 quo
1794 2506 1898 2601 Uffiae

552 2621 695 2678 mortuus
711 2600 779 2684 est,
806 2627 825 2674 a
888 2602 1067 2699 odumque
1085 2600 1311 2700 probabiliter
1331 2600 1410 2702 post
1427 2595 1530 2699 ipsius
1542 2624 1717 2694 mortem3
1741 2606 1793 2677 uti
1807 2631 1897 2684 mox

490 2747 493 2753 ·
551 2699 723 2796 prolixius
733 2696 962 2773 ostendemus.
987 2706 1044 2773 Ne
1071 2724 1114 2771 ue
1126 2695 1361 2801 dicitJesaias‚
1384 2723 1473 2773 nunc
1481 2700 1624 2794 primum
1633 2697 1897 2802 srbiapparuille

551 2796 760 2870 Dominum.
812 2796 921 2883 Quod
940 2799 1007 2869 etia
1057 2821 1068 2868 r
1089 2791 1247 2881 dixillet,
1275 2823 1346 2871 non
1368 2818 1483 2868 tamen
1497 2792 1625 2869 idcirco
1646 2796 1806 2872 haetenus
1821 2825 1897 2877 non

393 2927 395 2932 ·
550 2888 663 2965 fuisset
675 2889 856 2989 Propheta.
906 2887 1370 2969 PotuilletenimaDomino
1383 2891 1530 2971 erudiri,
1557 2894 1615 2968 vel
1634 2895 1670 2968 in
1678 2897 1812 2985 hanah,
1837 2899 1899 2975 vel

551 3008 680 3064 extem
698 2994 801 3064 etiam
817 2990 972 3088 alloquio,
989 2990 1046 3063 vel
1058 2990 1334 3067 intemocoelestis
1354 2989 1430 3064 luca
1446 2990 1483 3060 in
1499 2988 1649 3079 animam
1666 2992 1775 3090 illapsu
1791 3049 1802 3077 ,
1826 2992 1899 3070 sine

553 3086 686 3179 objesta
703 3081 766 3159 srbi
776 3086 874 3182 specie
886 3087 1003 3186 aliqua
1018 3084 1147 3180 vifibili.
1197 3089 1335 3163 Deinde
1357 3083 1517 3186 aptitudo
1533 3085 1579 3157 ad
1597 3112 1723 3162 munus
1739 3091 1898 3187 Prophe-

551 3186 679 3268 tieum,
710 3181 1107 3283 Prophetarumquetam
1121 3180 1304 3285 sapientia,
1358 3207 1439 3255 uam
1448 3176 1685 3267 sanffimonia>
1711 3183 1900 3263 suisinter·

551 3279 668 3355 {lintre
681 3276 759 3355 sunt
777 3279 963 3379 gradibus3
1014 3283 1115 3355 uibus
1133 3282 1307 3360 ministros
1325 3211 1406 3360 lhos
1421 3276 1518 3352 Deus
1538 3282 1719 3377 paullatim
1732 3283 1778 3355 ad
1789 3278 1895 3371 subli,

552 3379 665 3462 miora
681 3376 808 3452 evehit.
859 3378 972 3466 Quod
987 3308 1026 3453 de
1042 3379 1219 3477 Apostolis
1237 3376 1301 3454 usu
1317 3372 1443 3453 venille
1468 3402 1512 3451 ex
1534 3379 1741 3480 Evangelica'
1765 3380 1897 3458 constat

550 3470 701 3544 historia.
727 3480 834 3545 Porro
844 3499 914 3546 non
933 3472 996 3548 soli
1011 3498 1172 3573 tyrones.
1198 3473 1259 3550 sed
1274 3473 1491 3551 &sacrorum
1501 3497 1619 3550 vatum
1633 3480 1896 3554 exercitatillrmi

552 3568 599 3640 ad
610 3564 777 3666 gloriosas
792 3569 860 3639 Dei
877 3573 1106 3665 apparitiones
1119 3571 1360 3646 vehementem
1373 3576 1410 3644 in
1418 3570 1570 3641 modum
1582 3571 1783 3650 constemati
1794 3571 1891 3652 sunta

552 3663 653 3762 quod
672 3688 716 3738 ex
724 3661 933 3750 Ezechielis,
953 3667 1133 3754 Danielis,
1156 3666 1326 3771 Johannis
1336 3663 1516 3765 Apostoli,
1543 3666 1692 3741 aliorum
1720 3697 1763 3746 ue
1774 3699 1896 3749 exem·

551 3762 641 3859 plis,
662 3761 699 3838 in
711 3759 850 3860 liquido
863 3760 921 3836 est.
971 3769 1099 3862 Neque
1108 3791 1241 3841 novtun
1255 3764 1366 3839 videri
1379 3761 1510 3847 dehet,
1538 3765 1638 3861 quod
1654 3690 1782 3936 delitias
1801 3767 1897 3845 insn-

550 3860 615 3934 lita
628 3880 731 3932 tantae
748 3857 870 3969 gloriae
886 3862 1097 3957 apparitione
1107 3866 1155 3936 ita
1173 3862 1276 3938 fuerit
1289 3856 1487 3961 perculsus,
1513 3869 1652 3961 utProp
1679 3890 1770 3939 etam
1782 3862 1815 3939 se
1827 3863 1894 3942 elle

551 3950 921 4055 quasroblivrsceretur.
973 3958 1136 4056 Denique
1148 3960 1277 4033 mirum
1289 3982 1361 4031 non
1373 3956 1446 4040 est,
1474 3949 1720 4058 sigravitatem
1740 3969 1895 4040 muneris

550 4053 644 4152 apud
653 4051 837 4132 rebellem,
855 4053 1019 4151 duraeque
1031 4058 1195 4138 cervicis,
1222 4058 1259 4129 δι
1271 4054 1480 4129 adamantini
1494 4055 1608 4129 cordis
1617 4060 1813 4156 populum,
1831 4088 1895 4138 ex·

548 4173 687 4249 pertus,
709 4152 746 4222 &
760 4148 887 4223 adram
907 4177 1002 4249 purae
1020 4148 1249 4251 gloriosaeque
1266 4154 1432 4226 intuitum
1451 4147 1656 4240 sanuitatis,
1682 4152 1751 4230 suae
1772 4162 1895 4232 convi-

548 4246 837 4345 ousimpuritatis
849 4294 860 4330 ,
888 4274 1053 4347 novoque
1070 4272 1198 4324 terrore
1210 4252 1400 4333 attonitus,
1428 4245 1497 4324 sese
1512 4246 1659 4327 excusat.
1709 4256 1895 4351 Eoitaque

547 4339 632 4417 visto
643 4343 703 4418 ista
714 4346 883 4444 pertinet,
911 4369 982 4420 tam
1000 4368 1039 4419 ut
1050 4347 1257 4421 animaretur
1274 4343 1345 4448 ipse
1365 4347 1413 4421 ad
1428 4347 1671 4433 constantiam,
1698 4353 1894 4450 majorique

546 4442 719 4525 alacritate
737 4444 773 4519 iu
789 4439 850 4517 suo
867 4443 1028 4542 deinceps
1046 4438 1145 4519 eursu
1157 4466 1337 4547 pergeret,
1364 4470 1473 4548 quam
1490 4467 1531 4522 ut
1545 4444 1672 4523 caelesti
1689 4450 1893 4621 eudopitare

1800 4572 1895 4623 aner-
